,Buyer,Type,id,Listing,Quantity,Seller,Price per Ticket (GHST),Date,Total Purchase (GHST)
0,0xf10d3079fbcfd7c6fd1b5c4807e089e5cc41b71b,6,123056_0xf10d3079fbcfd7c6fd1b5c4807e089e5cc41b71b_1625242696,123056,3,0xb9c6b0dd480ba66737f1a92e0b4bee405423f033,17.0,2021-07-02 16:18:16,51.0
1,0x0a9a893ed9e173b3298c8022e959ec6691673145,Uncommon,120956_0x0a9a893ed9e173b3298c8022e959ec6691673145_1625242172,120956,40,0xcc84cc9462e4f1f45597c584123ee31cd7e5864b,0.49,2021-07-02 16:09:32,19.6
2,0x0a9a893ed9e173b3298c8022e959ec6691673145,Legendary,89954_0x0a9a893ed9e173b3298c8022e959ec6691673145_1625242020,89954,8,0x62d6158cd6a0ec39ceb174ae54a9976f6363ba5c,4.88,2021-07-02 16:07:00,39.04
3,0x3b3120e283c08daabb5e3f240e008387ef8a67db,6,123036_0x3b3120e283c08daabb5e3f240e008387ef8a67db_1625241270,123036,1,0x0a9a893ed9e173b3298c8022e959ec6691673145,18.5,2021-07-02 15:54:30,18.5
4,0x1a8d886d3a4a2d2aeb817ebb781f0683351538b1,Uncommon,123044_0x1a8d886d3a4a2d2aeb817ebb781f0683351538b1_1625241260,123044,9,0xe69c2f976bdf4eb965f4807c03eedf810fe7c97a,0.44,2021-07-02 15:54:20,3.96
5,0x3b3120e283c08daabb5e3f240e008387ef8a67db,Godlike,121697_0x3b3120e283c08daabb5e3f240e008387ef8a67db_1625241150,121697,1,0xcc84cc9462e4f1f45597c584123ee31cd7e5864b,92.0,2021-07-02 15:52:30,92.0
6,0xf1fced5b0475a935b49b95786adbda2d40794d2d,6,123033_0xf1fced5b0475a935b49b95786adbda2d40794d2d_1625241144,123033,9,0x501ffc7ee44f7986c24fb5bf7c04c1ed6377ec87,18.5,2021-07-02 15:52:24,166.5
7,0x24844583223e067c37319a7073e4843a12fb8aee,6,123036_0x24844583223e067c37319a7073e4843a12fb8aee_1625241130,123036,1,0x0a9a893ed9e173b3298c8022e959ec6691673145,18.5,2021-07-02 15:52:10,18.5
8,0x2b29518e5ac3eda4cfc138facd6f023bffc5d65a,6,123033_0x2b29518e5ac3eda4cfc138facd6f023bffc5d65a_1625240728,123033,1,0x501ffc7ee44f7986c24fb5bf7c04c1ed6377ec87,18.5,2021-07-02 15:45:28,18.5
9,0x3b3120e283c08daabb5e3f240e008387ef8a67db,Uncommon,119872_0x3b3120e283c08daabb5e3f240e008387ef8a67db_1625239588,119872,11,0x3238934316238ebbda1ffb229ec9a37bf66c5564,0.4889,2021-07-02 15:26:28,5.3779
10,0x3b3120e283c08daabb5e3f240e008387ef8a67db,Uncommon,121538_0x3b3120e283c08daabb5e3f240e008387ef8a67db_1625239578,121538,29,0x027b6146248b3a7648e7c7e243bd01e1704bc3ca,0.4889,2021-07-02 15:26:18,14.1781
11,0x3b3120e283c08daabb5e3f240e008387ef8a67db,Uncommon,121538_0x3b3120e283c08daabb5e3f240e008387ef8a67db_1625239516,121538,16,0x027b6146248b3a7648e7c7e243bd01e1704bc3ca,0.4889,2021-07-02 15:25:16,7.8224
12,0x3b3120e283c08daabb5e3f240e008387ef8a67db,Uncommon,120958_0x3b3120e283c08daabb5e3f240e008387ef8a67db_1625239470,120958,34,0x43e24bd6e48a9a7a8d3c12844bba2acf255f6951,0.48,2021-07-02 15:24:30,16.32
13,0x69a77b9ca4d106690751866360f7bb5952b2666d,6,123018_0x69a77b9ca4d106690751866360f7bb5952b2666d_1625239284,123018,1,0x1a8d886d3a4a2d2aeb817ebb781f0683351538b1,19.98,2021-07-02 15:21:24,19.98
14,0x0949a79b90f8c4829bf488ec19d678bb347b4db1,Common,84121_0x0949a79b90f8c4829bf488ec19d678bb347b4db1_1625239194,84121,20,0x2cdd20990c6447c8d25753e9fe7098ee079d35d8,0.135,2021-07-02 15:19:54,2.7
15,0x3b3120e283c08daabb5e3f240e008387ef8a67db,Uncommon,122982_0x3b3120e283c08daabb5e3f240e008387ef8a67db_1625239158,122982,70,0xce11e75cd3e1781202f73c641729bbb65bfe0226,0.5,2021-07-02 15:19:18,35.0
16,0x0949a79b90f8c4829bf488ec19d678bb347b4db1,Common,91347_0x0949a79b90f8c4829bf488ec19d678bb347b4db1_1625239152,91347,2,0x9276cb9d5faccaab4ccf3a2f5388e844b5f68f17,0.098,2021-07-02 15:19:12,0.196
17,0x1a8d886d3a4a2d2aeb817ebb781f0683351538b1,Godlike,122948_0x1a8d886d3a4a2d2aeb817ebb781f0683351538b1_1625238869,122948,3,0xe703f231ab056ecb99c92a1232cc1020acfc72f8,90.0,2021-07-02 15:14:29,270.0
18,0xf10d3079fbcfd7c6fd1b5c4807e089e5cc41b71b,6,123014_0xf10d3079fbcfd7c6fd1b5c4807e089e5cc41b71b_1625238821,123014,1,0xb72ed8401892466ea8af528c1af1d0524bc5e105,18.0,2021-07-02 15:13:41,18.0
19,0x7bb8705a3581f549c039401903251aa010ade9c6,6,122988_0x7bb8705a3581f549c039401903251aa010ade9c6_1625238789,122988,1,0xb04b318473306e843c8fe0b7d26c65b50ec21d71,21.5,2021-07-02 15:13:09,21.5
20,0x3b3120e283c08daabb5e3f240e008387ef8a67db,Common,84449_0x3b3120e283c08daabb5e3f240e008387ef8a67db_1625238537,84449,87,0xc7a00b2635339d1c4eb7a22ac73f53b7a9bd0613,0.15,2021-07-02 15:08:57,13.049999999999999
21,0x3b3120e283c08daabb5e3f240e008387ef8a67db,Common,122494_0x3b3120e283c08daabb5e3f240e008387ef8a67db_1625238487,122494,30,0x0949a79b90f8c4829bf488ec19d678bb347b4db1,0.12,2021-07-02 15:08:07,3.5999999999999996
22,0x3b3120e283c08daabb5e3f240e008387ef8a67db,Common,122286_0x3b3120e283c08daabb5e3f240e008387ef8a67db_1625238339,122286,10,0x66d4b78ea4e64e7d1952d5b5e0aee54be18f9975,0.1,2021-07-02 15:05:39,1.0
23,0x3b3120e283c08daabb5e3f240e008387ef8a67db,Common,115746_0x3b3120e283c08daabb5e3f240e008387ef8a67db_1625238327,115746,15,0x5582358de7cc812101313f5e13de500005a31dea,0.1,2021-07-02 15:05:27,1.5
24,0x3b3120e283c08daabb5e3f240e008387ef8a67db,Common,122208_0x3b3120e283c08daabb5e3f240e008387ef8a67db_1625238281,122208,24,0x1fa3e077c3ceab3be640eb0e13e305de15cdbbfb,0.1,2021-07-02 15:04:41,2.4000000000000004
25,0x3b3120e283c08daabb5e3f240e008387ef8a67db,Common,115625_0x3b3120e283c08daabb5e3f240e008387ef8a67db_1625238269,115625,16,0xc23f9f5c58cb582478b9735d191e8bbdbe25902f,0.1,2021-07-02 15:04:29,1.6
26,0x3b3120e283c08daabb5e3f240e008387ef8a67db,Common,109833_0x3b3120e283c08daabb5e3f240e008387ef8a67db_1625238251,109833,23,0x60aca6ab4e873311eac4f2247c73348346e4a07e,0.1,2021-07-02 15:04:11,2.3000000000000003
27,0x3b3120e283c08daabb5e3f240e008387ef8a67db,Common,84360_0x3b3120e283c08daabb5e3f240e008387ef8a67db_1625238237,84360,29,0x77f07ab7b444c7c9fcfafc76c053a810cd6203cb,0.099,2021-07-02 15:03:57,2.871
28,0x6282e24baaaf04c984e8ae7cd0c763709743cf9d,6,122988_0x6282e24baaaf04c984e8ae7cd0c763709743cf9d_1625238195,122988,1,0xb04b318473306e843c8fe0b7d26c65b50ec21d71,21.5,2021-07-02 15:03:15,21.5
29,0x3b3120e283c08daabb5e3f240e008387ef8a67db,Common,122345_0x3b3120e283c08daabb5e3f240e008387ef8a67db_1625238161,122345,229,0x5d81166eabf8810b3631ad7117b72a9fd8b98e36,0.1,2021-07-02 15:02:41,22.900000000000002
30,0x3b3120e283c08daabb5e3f240e008387ef8a67db,Common,120955_0x3b3120e283c08daabb5e3f240e008387ef8a67db_1625238119,120955,63,0xcc84cc9462e4f1f45597c584123ee31cd7e5864b,0.098,2021-07-02 15:01:59,6.174
31,0x3b3120e283c08daabb5e3f240e008387ef8a67db,Common,120955_0x3b3120e283c08daabb5e3f240e008387ef8a67db_1625238027,120955,150,0xcc84cc9462e4f1f45597c584123ee31cd7e5864b,0.098,2021-07-02 15:00:27,14.700000000000001
32,0x8741e8ccdd46745763d3126d6d32ae3b435dd1fd,Common,120955_0x8741e8ccdd46745763d3126d6d32ae3b435dd1fd_1625237949,120955,20,0xcc84cc9462e4f1f45597c584123ee31cd7e5864b,0.098,2021-07-02 14:59:09,1.96
33,0x3b3120e283c08daabb5e3f240e008387ef8a67db,Common,122976_0x3b3120e283c08daabb5e3f240e008387ef8a67db_1625237743,122976,50,0xce11e75cd3e1781202f73c641729bbb65bfe0226,0.096,2021-07-02 14:55:43,4.8
34,0x8741e8ccdd46745763d3126d6d32ae3b435dd1fd,6,122984_0x8741e8ccdd46745763d3126d6d32ae3b435dd1fd_1625237551,122984,4,0x610c89ebabfff5701cdf8819bb28f8f38f3d6445,22.2,2021-07-02 14:52:31,88.8
35,0x6a78a2a786b74704c94d0a6245f2233f70d22161,6,122981_0x6a78a2a786b74704c94d0a6245f2233f70d22161_1625236745,122981,5,0x610c89ebabfff5701cdf8819bb28f8f38f3d6445,22.2,2021-07-02 14:39:05,111.0
36,0x7b7e48d474b97fce99bf5c268707b0e4d30af92c,Godlike,122948_0x7b7e48d474b97fce99bf5c268707b0e4d30af92c_1625236617,122948,3,0xe703f231ab056ecb99c92a1232cc1020acfc72f8,90.0,2021-07-02 14:36:57,270.0
37,0x6a78a2a786b74704c94d0a6245f2233f70d22161,6,122926_0x6a78a2a786b74704c94d0a6245f2233f70d22161_1625236603,122926,5,0x2f3045ce8f70757e5cbad58215134aedaf2e4ca4,23.99,2021-07-02 14:36:43,119.94999999999999
38,0xd9d54f0f67fde251ab41ffb36579f308b592d905,6,122850_0xd9d54f0f67fde251ab41ffb36579f308b592d905_1625236573,122850,2,0xb1f56a37738c16d150c9aaa5441f056e65f4fbd6,20.0,2021-07-02 14:36:13,40.0
39,0xd9d54f0f67fde251ab41ffb36579f308b592d905,6,122956_0xd9d54f0f67fde251ab41ffb36579f308b592d905_1625236505,122956,9,0x5173b8ea30cbcffa8e049b762f2d1a92c21b02c9,17.87,2021-07-02 14:35:05,160.83
40,0xd9d54f0f67fde251ab41ffb36579f308b592d905,6,122965_0xd9d54f0f67fde251ab41ffb36579f308b592d905_1625236481,122965,50,0x1a8d886d3a4a2d2aeb817ebb781f0683351538b1,18.238,2021-07-02 14:34:41,911.9
41,0xd9d54f0f67fde251ab41ffb36579f308b592d905,6,122966_0xd9d54f0f67fde251ab41ffb36579f308b592d905_1625236461,122966,39,0x5f3bce4b242d00ed748d48172c1f2d47a0bcb19b,18.22,2021-07-02 14:34:21,710.5799999999999
42,0xe0990fafe9cce37eedbdb7f5252596bc4fc55467,6,122956_0xe0990fafe9cce37eedbdb7f5252596bc4fc55467_1625236321,122956,2,0x5173b8ea30cbcffa8e049b762f2d1a92c21b02c9,17.87,2021-07-02 14:32:01,35.74
43,0x03b16ab6e23bdbeeab719d8e4c49d63674876253,6,122956_0x03b16ab6e23bdbeeab719d8e4c49d63674876253_1625235693,122956,6,0x5173b8ea30cbcffa8e049b762f2d1a92c21b02c9,17.87,2021-07-02 14:21:33,107.22
44,0xb2ff18975af49c522a410a75565bd475f4bac00f,6,122956_0xb2ff18975af49c522a410a75565bd475f4bac00f_1625235201,122956,53,0x5173b8ea30cbcffa8e049b762f2d1a92c21b02c9,17.87,2021-07-02 14:13:21,947.11
45,0x48b5dd106136d7effc929190016b3c890c377547,6,122956_0x48b5dd106136d7effc929190016b3c890c377547_1625233755,122956,100,0x5173b8ea30cbcffa8e049b762f2d1a92c21b02c9,17.87,2021-07-02 13:49:15,1787.0
46,0x20a7854a37d095cffc69c075bf133015fc5493cb,6,122951_0x20a7854a37d095cffc69c075bf133015fc5493cb_1625233405,122951,1,0x5f3bce4b242d00ed748d48172c1f2d47a0bcb19b,18.295,2021-07-02 13:43:25,18.295
47,0x20a7854a37d095cffc69c075bf133015fc5493cb,6,122951_0x20a7854a37d095cffc69c075bf133015fc5493cb_1625233343,122951,1,0x5f3bce4b242d00ed748d48172c1f2d47a0bcb19b,18.295,2021-07-02 13:42:23,18.295
48,0x002d2715b179d0db3e17cc28317a98f2f65e6884,6,122917_0x002d2715b179d0db3e17cc28317a98f2f65e6884_1625233287,122917,50,0xcd6c1eef36ced2ec98ce4291d9ed32ffb9230ab7,18.25,2021-07-02 13:41:27,912.5
49,0x73b46a49e5f92480710b07be849500b772b6a995,Godlike,122948_0x73b46a49e5f92480710b07be849500b772b6a995_1625233079,122948,1,0xe703f231ab056ecb99c92a1232cc1020acfc72f8,90.0,2021-07-02 13:37:59,90.0
50,0x8d17851c043dd69ee8ba1e68fb8300b80e8e7bb4,6,122917_0x8d17851c043dd69ee8ba1e68fb8300b80e8e7bb4_1625233041,122917,1,0xcd6c1eef36ced2ec98ce4291d9ed32ffb9230ab7,18.25,2021-07-02 13:37:21,18.25
51,0x002d2715b179d0db3e17cc28317a98f2f65e6884,Mythical,121786_0x002d2715b179d0db3e17cc28317a98f2f65e6884_1625232959,121786,1,0x3aabc694608eddc24cc93abad0998171c8d4b8e5,18.8,2021-07-02 13:35:59,18.8
52,0x002d2715b179d0db3e17cc28317a98f2f65e6884,Legendary,122944_0x002d2715b179d0db3e17cc28317a98f2f65e6884_1625232927,122944,25,0xdabce49f333434da2085104fcae75fa641ecc3a5,4.7,2021-07-02 13:35:27,117.5
53,0x002d2715b179d0db3e17cc28317a98f2f65e6884,Legendary,83422_0x002d2715b179d0db3e17cc28317a98f2f65e6884_1625232905,83422,1,0x2f3899dce835e0e514767fabb0a6160e9c0441a9,4.88,2021-07-02 13:35:05,4.88
54,0x002d2715b179d0db3e17cc28317a98f2f65e6884,Legendary,122516_0x002d2715b179d0db3e17cc28317a98f2f65e6884_1625232861,122516,1,0x2b77528c7b94349dd3616f404bc4fce219c0ff76,4.78,2021-07-02 13:34:21,4.78
55,0x002d2715b179d0db3e17cc28317a98f2f65e6884,Legendary,122454_0x002d2715b179d0db3e17cc28317a98f2f65e6884_1625232845,122454,1,0xaf777f6ff15de8d50527208d8cbd36576b213f97,4.6,2021-07-02 13:34:05,4.6
56,0x002d2715b179d0db3e17cc28317a98f2f65e6884,Rare,85943_0x002d2715b179d0db3e17cc28317a98f2f65e6884_1625232813,85943,2,0x1e712600c4ba2557bde8193808b0c44c821c1a62,0.9,2021-07-02 13:33:33,1.8
57,0x002d2715b179d0db3e17cc28317a98f2f65e6884,Rare,122923_0x002d2715b179d0db3e17cc28317a98f2f65e6884_1625232787,122923,18,0x5f3bce4b242d00ed748d48172c1f2d47a0bcb19b,0.888,2021-07-02 13:33:07,15.984
58,0x002d2715b179d0db3e17cc28317a98f2f65e6884,Uncommon,120958_0x002d2715b179d0db3e17cc28317a98f2f65e6884_1625232743,120958,9,0x43e24bd6e48a9a7a8d3c12844bba2acf255f6951,0.48,2021-07-02 13:32:23,4.32
59,0x73b46a49e5f92480710b07be849500b772b6a995,Godlike,122753_0x73b46a49e5f92480710b07be849500b772b6a995_1625232719,122753,1,0x03b16ab6e23bdbeeab719d8e4c49d63674876253,90.0,2021-07-02 13:31:59,90.0
60,0x002d2715b179d0db3e17cc28317a98f2f65e6884,Uncommon,122172_0x002d2715b179d0db3e17cc28317a98f2f65e6884_1625232653,122172,22,0x66653d95309168d8b0b253d77d896d4558befaea,0.47,2021-07-02 13:30:53,10.34
61,0x002d2715b179d0db3e17cc28317a98f2f65e6884,Uncommon,121721_0x002d2715b179d0db3e17cc28317a98f2f65e6884_1625232625,121721,201,0xcbc73c8c9b7bad765515519260b81fd61daf46af,0.461,2021-07-02 13:30:25,92.661
62,0xc288b0ed0e76db7395d2d129b1ea0820b5e89039,6,122930_0xc288b0ed0e76db7395d2d129b1ea0820b5e89039_1625232619,122930,20,0x1a8d886d3a4a2d2aeb817ebb781f0683351538b1,18.43,2021-07-02 13:30:19,368.6
63,0x002d2715b179d0db3e17cc28317a98f2f65e6884,Uncommon,122184_0x002d2715b179d0db3e17cc28317a98f2f65e6884_1625232605,122184,8,0x4295aef8e869b693cc474d34bb9c6fb1c7328299,0.444,2021-07-02 13:30:05,3.552
64,0x002d2715b179d0db3e17cc28317a98f2f65e6884,Common,120955_0x002d2715b179d0db3e17cc28317a98f2f65e6884_1625232543,120955,567,0xcc84cc9462e4f1f45597c584123ee31cd7e5864b,0.098,2021-07-02 13:29:03,55.566
65,0x002d2715b179d0db3e17cc28317a98f2f65e6884,Common,121020_0x002d2715b179d0db3e17cc28317a98f2f65e6884_1625232449,121020,54,0x3238934316238ebbda1ffb229ec9a37bf66c5564,0.0969,2021-07-02 13:27:29,5.2326
66,0x002d2715b179d0db3e17cc28317a98f2f65e6884,Common,122346_0x002d2715b179d0db3e17cc28317a98f2f65e6884_1625232431,122346,313,0x12168aea666be756e1ad0595fed9c306442a4103,0.09,2021-07-02 13:27:11,28.169999999999998
67,0x002d2715b179d0db3e17cc28317a98f2f65e6884,Common,122375_0x002d2715b179d0db3e17cc28317a98f2f65e6884_1625232415,122375,32,0x97f35e8bbec79192e1713c9bea47035ff00f3a4c,0.089,2021-07-02 13:26:55,2.848
68,0x8b9f39b3c76aab744bcee37cc56782bac8eb5ffb,6,122917_0x8b9f39b3c76aab744bcee37cc56782bac8eb5ffb_1625232173,122917,5,0xcd6c1eef36ced2ec98ce4291d9ed32ffb9230ab7,18.25,2021-07-02 13:22:53,91.25
69,0x884aff98eceeb5016baf4e04bd5e0ed54b2e81bb,Rare,95977_0x884aff98eceeb5016baf4e04bd5e0ed54b2e81bb_1625232079,95977,4,0x62d6158cd6a0ec39ceb174ae54a9976f6363ba5c,0.888,2021-07-02 13:21:19,3.552
70,0x8b9f39b3c76aab744bcee37cc56782bac8eb5ffb,Uncommon,121892_0x8b9f39b3c76aab744bcee37cc56782bac8eb5ffb_1625231837,121892,20,0x72db34299d4bb489993a49822708ce692cca3eb2,0.449,2021-07-02 13:17:17,8.98
71,0x7b7e48d474b97fce99bf5c268707b0e4d30af92c,Legendary,121448_0x7b7e48d474b97fce99bf5c268707b0e4d30af92c_1625231409,121448,7,0xf8dead4d72d458b22b76c8b536c3e7b22e91c0d8,4.5,2021-07-02 13:10:09,31.5
72,0x2f3045ce8f70757e5cbad58215134aedaf2e4ca4,6,122884_0x2f3045ce8f70757e5cbad58215134aedaf2e4ca4_1625231329,122884,10,0x5f3bce4b242d00ed748d48172c1f2d47a0bcb19b,18.5,2021-07-02 13:08:49,185.0
73,0x8b9f39b3c76aab744bcee37cc56782bac8eb5ffb,Rare,95977_0x8b9f39b3c76aab744bcee37cc56782bac8eb5ffb_1625231325,95977,18,0x62d6158cd6a0ec39ceb174ae54a9976f6363ba5c,0.888,2021-07-02 13:08:45,15.984
74,0x48b5dd106136d7effc929190016b3c890c377547,6,122884_0x48b5dd106136d7effc929190016b3c890c377547_1625231309,122884,1,0x5f3bce4b242d00ed748d48172c1f2d47a0bcb19b,18.5,2021-07-02 13:08:29,18.5
75,0x2f3045ce8f70757e5cbad58215134aedaf2e4ca4,6,122884_0x2f3045ce8f70757e5cbad58215134aedaf2e4ca4_1625231301,122884,10,0x5f3bce4b242d00ed748d48172c1f2d47a0bcb19b,18.5,2021-07-02 13:08:21,185.0
76,0x48b5dd106136d7effc929190016b3c890c377547,6,122884_0x48b5dd106136d7effc929190016b3c890c377547_1625231293,122884,4,0x5f3bce4b242d00ed748d48172c1f2d47a0bcb19b,18.5,2021-07-02 13:08:13,74.0
77,0x48b5dd106136d7effc929190016b3c890c377547,6,122884_0x48b5dd106136d7effc929190016b3c890c377547_1625231257,122884,80,0x5f3bce4b242d00ed748d48172c1f2d47a0bcb19b,18.5,2021-07-02 13:07:37,1480.0
78,0x48b5dd106136d7effc929190016b3c890c377547,6,122906_0x48b5dd106136d7effc929190016b3c890c377547_1625231201,122906,38,0x1a8d886d3a4a2d2aeb817ebb781f0683351538b1,18.298,2021-07-02 13:06:41,695.324
79,0x48b5dd106136d7effc929190016b3c890c377547,6,122878_0x48b5dd106136d7effc929190016b3c890c377547_1625231149,122878,23,0x60ed33735c9c29ec2c26b8ec734e36d5b6fa1eab,18.3,2021-07-02 13:05:49,420.90000000000003
80,0x48b5dd106136d7effc929190016b3c890c377547,6,122901_0x48b5dd106136d7effc929190016b3c890c377547_1625231123,122901,23,0x1a8d886d3a4a2d2aeb817ebb781f0683351538b1,18.298,2021-07-02 13:05:23,420.854
81,0x8b9f39b3c76aab744bcee37cc56782bac8eb5ffb,6,122901_0x8b9f39b3c76aab744bcee37cc56782bac8eb5ffb_1625230975,122901,5,0x1a8d886d3a4a2d2aeb817ebb781f0683351538b1,18.298,2021-07-02 13:02:55,91.49
82,0x8b9f39b3c76aab744bcee37cc56782bac8eb5ffb,6,122882_0x8b9f39b3c76aab744bcee37cc56782bac8eb5ffb_1625230879,122882,8,0x1a8d886d3a4a2d2aeb817ebb781f0683351538b1,18.2988,2021-07-02 13:01:19,146.3904
83,0x8d17851c043dd69ee8ba1e68fb8300b80e8e7bb4,6,122878_0x8d17851c043dd69ee8ba1e68fb8300b80e8e7bb4_1625230715,122878,1,0x60ed33735c9c29ec2c26b8ec734e36d5b6fa1eab,18.3,2021-07-02 12:58:35,18.3
84,0x8d17851c043dd69ee8ba1e68fb8300b80e8e7bb4,6,122878_0x8d17851c043dd69ee8ba1e68fb8300b80e8e7bb4_1625230635,122878,1,0x60ed33735c9c29ec2c26b8ec734e36d5b6fa1eab,18.3,2021-07-02 12:57:15,18.3
85,0x1a8d886d3a4a2d2aeb817ebb781f0683351538b1,Legendary,122891_0x1a8d886d3a4a2d2aeb817ebb781f0683351538b1_1625230396,122891,2,0xfeeb64a9bb1c5beb57d6e17726c3c8faaece5c2a,4.1,2021-07-02 12:53:16,8.2
86,0xf10d3079fbcfd7c6fd1b5c4807e089e5cc41b71b,6,122892_0xf10d3079fbcfd7c6fd1b5c4807e089e5cc41b71b_1625230380,122892,1,0xfeeb64a9bb1c5beb57d6e17726c3c8faaece5c2a,17.0,2021-07-02 12:53:00,17.0
87,0x48b5dd106136d7effc929190016b3c890c377547,6,122882_0x48b5dd106136d7effc929190016b3c890c377547_1625230352,122882,10,0x1a8d886d3a4a2d2aeb817ebb781f0683351538b1,18.2988,2021-07-02 12:52:32,182.988
88,0x48b5dd106136d7effc929190016b3c890c377547,Mythical,122389_0x48b5dd106136d7effc929190016b3c890c377547_1625230068,122389,2,0xe9086950f6544580f3e173ee35b4b54c95d5e127,18.5,2021-07-02 12:47:48,37.0
89,0x48b5dd106136d7effc929190016b3c890c377547,Mythical,122883_0x48b5dd106136d7effc929190016b3c890c377547_1625230010,122883,1,0xafae1008f042b9647756cc4176226d8c9e62f422,18.49,2021-07-02 12:46:50,18.49
90,0x1a8d886d3a4a2d2aeb817ebb781f0683351538b1,Legendary,122885_0x1a8d886d3a4a2d2aeb817ebb781f0683351538b1_1625229998,122885,1,0xadf228a1a9e705ca02a998e1b1bc6f14b3bba908,4.3,2021-07-02 12:46:38,4.3
91,0xfd119bb66648177cfe7840bf44dc05c667a1aca4,6,122870_0xfd119bb66648177cfe7840bf44dc05c667a1aca4_1625229668,122870,8,0x1a8d886d3a4a2d2aeb817ebb781f0683351538b1,18.4988,2021-07-02 12:41:08,147.9904
92,0x73b46a49e5f92480710b07be849500b772b6a995,Rare,95977_0x73b46a49e5f92480710b07be849500b772b6a995_1625229450,95977,60,0x62d6158cd6a0ec39ceb174ae54a9976f6363ba5c,0.888,2021-07-02 12:37:30,53.28
93,0x73b46a49e5f92480710b07be849500b772b6a995,Legendary,122856_0x73b46a49e5f92480710b07be849500b772b6a995_1625229336,122856,69,0x7bb8705a3581f549c039401903251aa010ade9c6,4.39,2021-07-02 12:35:36,302.90999999999997
94,0x0a9a893ed9e173b3298c8022e959ec6691673145,Rare,95977_0x0a9a893ed9e173b3298c8022e959ec6691673145_1625229086,95977,20,0x62d6158cd6a0ec39ceb174ae54a9976f6363ba5c,0.888,2021-07-02 12:31:26,17.76
95,0xadc045001169071580ad97af8cf5efb7f235a719,Legendary,122856_0xadc045001169071580ad97af8cf5efb7f235a719_1625229022,122856,10,0x7bb8705a3581f549c039401903251aa010ade9c6,4.39,2021-07-02 12:30:22,43.9
96,0x6e59d37708a0a05109a9c91cc56ae58dc5cee8fc,6,122857_0x6e59d37708a0a05109a9c91cc56ae58dc5cee8fc_1625228928,122857,1,0x03b16ab6e23bdbeeab719d8e4c49d63674876253,18.8,2021-07-02 12:28:48,18.8
97,0xadc045001169071580ad97af8cf5efb7f235a719,Legendary,122856_0xadc045001169071580ad97af8cf5efb7f235a719_1625228808,122856,21,0x7bb8705a3581f549c039401903251aa010ade9c6,4.39,2021-07-02 12:26:48,92.19
98,0x9346c01def77c612b1c8e1ccf5ac6e15fe4c17e4,6,122858_0x9346c01def77c612b1c8e1ccf5ac6e15fe4c17e4_1625228694,122858,1,0x1a8d886d3a4a2d2aeb817ebb781f0683351538b1,18.777,2021-07-02 12:24:54,18.777
99,0x9346c01def77c612b1c8e1ccf5ac6e15fe4c17e4,6,122858_0x9346c01def77c612b1c8e1ccf5ac6e15fe4c17e4_1625228492,122858,1,0x1a8d886d3a4a2d2aeb817ebb781f0683351538b1,18.777,2021-07-02 12:21:32,18.777
100,0x547c0dbd2fc303c8e97475ec072a58de60ec134a,Rare,95977_0x547c0dbd2fc303c8e97475ec072a58de60ec134a_1625228100,95977,3,0x62d6158cd6a0ec39ceb174ae54a9976f6363ba5c,0.888,2021-07-02 12:15:00,2.664
101,0x547c0dbd2fc303c8e97475ec072a58de60ec134a,Mythical,122846_0x547c0dbd2fc303c8e97475ec072a58de60ec134a_1625227992,122846,1,0x03b16ab6e23bdbeeab719d8e4c49d63674876253,18.0,2021-07-02 12:13:12,18.0
102,0x1a8d886d3a4a2d2aeb817ebb781f0683351538b1,Legendary,122847_0x1a8d886d3a4a2d2aeb817ebb781f0683351538b1_1625227952,122847,50,0x03b16ab6e23bdbeeab719d8e4c49d63674876253,4.4,2021-07-02 12:12:32,220.00000000000003
103,0x1a8d886d3a4a2d2aeb817ebb781f0683351538b1,Legendary,122844_0x1a8d886d3a4a2d2aeb817ebb781f0683351538b1_1625227858,122844,50,0x03b16ab6e23bdbeeab719d8e4c49d63674876253,4.4,2021-07-02 12:10:58,220.00000000000003
104,0x547c0dbd2fc303c8e97475ec072a58de60ec134a,6,122811_0x547c0dbd2fc303c8e97475ec072a58de60ec134a_1625227824,122811,20,0x1a8d886d3a4a2d2aeb817ebb781f0683351538b1,18.95,2021-07-02 12:10:24,379.0
105,0xc10898eda672fdfc4ac0228bb1da9b2bf54c768f,6,122811_0xc10898eda672fdfc4ac0228bb1da9b2bf54c768f_1625227800,122811,1,0x1a8d886d3a4a2d2aeb817ebb781f0683351538b1,18.95,2021-07-02 12:10:00,18.95
106,0x1a8d886d3a4a2d2aeb817ebb781f0683351538b1,Rare,121698_0x1a8d886d3a4a2d2aeb817ebb781f0683351538b1_1625227724,121698,23,0xcc84cc9462e4f1f45597c584123ee31cd7e5864b,0.88,2021-07-02 12:08:44,20.24
107,0x1a8d886d3a4a2d2aeb817ebb781f0683351538b1,Rare,121699_0x1a8d886d3a4a2d2aeb817ebb781f0683351538b1_1625227718,121699,13,0x830437c8d234c61ae6bffbc11f2b885e6e934554,0.87,2021-07-02 12:08:38,11.31
108,0x1a8d886d3a4a2d2aeb817ebb781f0683351538b1,Common,122838_0x1a8d886d3a4a2d2aeb817ebb781f0683351538b1_1625227598,122838,95,0xe29555e804e414e295e2a059fc49d002ec18f268,0.085,2021-07-02 12:06:38,8.075000000000001
109,0x1a8d886d3a4a2d2aeb817ebb781f0683351538b1,Uncommon,122347_0x1a8d886d3a4a2d2aeb817ebb781f0683351538b1_1625227482,122347,23,0x12168aea666be756e1ad0595fed9c306442a4103,0.44,2021-07-02 12:04:42,10.12
110,0x1a8d886d3a4a2d2aeb817ebb781f0683351538b1,Uncommon,122693_0x1a8d886d3a4a2d2aeb817ebb781f0683351538b1_1625227476,122693,30,0x830437c8d234c61ae6bffbc11f2b885e6e934554,0.438,2021-07-02 12:04:36,13.14
111,0x1a8d886d3a4a2d2aeb817ebb781f0683351538b1,Uncommon,122589_0x1a8d886d3a4a2d2aeb817ebb781f0683351538b1_1625227468,122589,10,0x884aff98eceeb5016baf4e04bd5e0ed54b2e81bb,0.438,2021-07-02 12:04:28,4.38
112,0x1a8d886d3a4a2d2aeb817ebb781f0683351538b1,Common,122572_0x1a8d886d3a4a2d2aeb817ebb781f0683351538b1_1625227456,122572,18,0xa23b4bc39070fdb30779f3e587b720fefef328ec,0.087,2021-07-02 12:04:16,1.5659999999999998
113,0x1a8d886d3a4a2d2aeb817ebb781f0683351538b1,Common,122433_0x1a8d886d3a4a2d2aeb817ebb781f0683351538b1_1625227446,122433,361,0xbace1e5f9cb38f56fa8b096e3fe940d9c34d189d,0.088,2021-07-02 12:04:06,31.767999999999997
114,0x137c0f7d6b2558edf5b8f69eec0635dd43fad6af,Legendary,122724_0x137c0f7d6b2558edf5b8f69eec0635dd43fad6af_1625227410,122724,1,0x300010ded7b789ab5764bb52dde82edd6d29908d,4.399,2021-07-02 12:03:30,4.399
115,0x137c0f7d6b2558edf5b8f69eec0635dd43fad6af,Legendary,122010_0x137c0f7d6b2558edf5b8f69eec0635dd43fad6af_1625227388,122010,23,0x03b16ab6e23bdbeeab719d8e4c49d63674876253,4.4,2021-07-02 12:03:08,101.2
116,0xf10d3079fbcfd7c6fd1b5c4807e089e5cc41b71b,6,122827_0xf10d3079fbcfd7c6fd1b5c4807e089e5cc41b71b_1625227322,122827,2,0x47d6f96ba098816389db7c87cbf077de7181b853,16.7,2021-07-02 12:02:02,33.4
117,0x2fcc7a592ff945f839aabe1cbf751b28a18099fa,6,122811_0x2fcc7a592ff945f839aabe1cbf751b28a18099fa_1625227162,122811,2,0x1a8d886d3a4a2d2aeb817ebb781f0683351538b1,18.95,2021-07-02 11:59:22,37.9
118,0xa93c50f5b351d5c961fc7b147a01f8068b272712,6,122811_0xa93c50f5b351d5c961fc7b147a01f8068b272712_1625227008,122811,10,0x1a8d886d3a4a2d2aeb817ebb781f0683351538b1,18.95,2021-07-02 11:56:48,189.5
119,0x84d1e52a5c2871d72ec2d190e14d19a065c98726,Mythical,121508_0x84d1e52a5c2871d72ec2d190e14d19a065c98726_1625227008,121508,3,0x25d073a9f2cd3fbfe1a5fec8edfee1e80e9613cb,18.5,2021-07-02 11:56:48,55.5
120,0xa93c50f5b351d5c961fc7b147a01f8068b272712,Rare,121699_0xa93c50f5b351d5c961fc7b147a01f8068b272712_1625226948,121699,2,0x830437c8d234c61ae6bffbc11f2b885e6e934554,0.87,2021-07-02 11:55:48,1.74
121,0xf10d3079fbcfd7c6fd1b5c4807e089e5cc41b71b,6,122820_0xf10d3079fbcfd7c6fd1b5c4807e089e5cc41b71b_1625226940,122820,1,0xbec6b56450e2eb02526bec326163c14948a8a88d,13.0,2021-07-02 11:55:40,13.0
122,0xa93c50f5b351d5c961fc7b147a01f8068b272712,Rare,122765_0xa93c50f5b351d5c961fc7b147a01f8068b272712_1625226894,122765,3,0xd4f7dd7723625e99cbeae39630939d364b4c5262,1.0,2021-07-02 11:54:54,3.0
123,0x76e059c6ff6bf9fffd5f33afdf4ab2fd511c9df4,Mythical,121413_0x76e059c6ff6bf9fffd5f33afdf4ab2fd511c9df4_1625226828,121413,10,0x03b16ab6e23bdbeeab719d8e4c49d63674876253,18.5,2021-07-02 11:53:48,185.0
124,0x1a8d886d3a4a2d2aeb817ebb781f0683351538b1,Rare,121504_0x1a8d886d3a4a2d2aeb817ebb781f0683351538b1_1625226812,121504,5,0x03b16ab6e23bdbeeab719d8e4c49d63674876253,0.84,2021-07-02 11:53:32,4.2
125,0x1a8d886d3a4a2d2aeb817ebb781f0683351538b1,Rare,122236_0x1a8d886d3a4a2d2aeb817ebb781f0683351538b1_1625226806,122236,2,0xb1523d0e1b7d4567ab27e4d26c16768456a93f4b,0.837,2021-07-02 11:53:26,1.674
126,0x1a8d886d3a4a2d2aeb817ebb781f0683351538b1,Rare,122256_0x1a8d886d3a4a2d2aeb817ebb781f0683351538b1_1625226800,122256,4,0x3238934316238ebbda1ffb229ec9a37bf66c5564,0.8369,2021-07-02 11:53:20,3.3476
127,0x76e059c6ff6bf9fffd5f33afdf4ab2fd511c9df4,Mythical,121477_0x76e059c6ff6bf9fffd5f33afdf4ab2fd511c9df4_1625226790,121477,1,0xafae1008f042b9647756cc4176226d8c9e62f422,18.39,2021-07-02 11:53:10,18.39
128,0x1a8d886d3a4a2d2aeb817ebb781f0683351538b1,Rare,122781_0x1a8d886d3a4a2d2aeb817ebb781f0683351538b1_1625226754,122781,5,0x20e50a28bd4ac6ce1540ecab6ee9d446366c13f2,0.827,2021-07-02 11:52:34,4.135
129,0x84d1e52a5c2871d72ec2d190e14d19a065c98726,Mythical,122680_0x84d1e52a5c2871d72ec2d190e14d19a065c98726_1625226684,122680,2,0x830437c8d234c61ae6bffbc11f2b885e6e934554,18.0,2021-07-02 11:51:24,36.0
130,0x76e059c6ff6bf9fffd5f33afdf4ab2fd511c9df4,Mythical,122529_0x76e059c6ff6bf9fffd5f33afdf4ab2fd511c9df4_1625226618,122529,2,0x3bd5e344ac629c9f232f921bafdeeec312deac9b,18.0,2021-07-02 11:50:18,36.0
131,0x76e059c6ff6bf9fffd5f33afdf4ab2fd511c9df4,Mythical,122417_0x76e059c6ff6bf9fffd5f33afdf4ab2fd511c9df4_1625226596,122417,3,0xa9ed510a968b68ac92509b7e8f42bab7e26f42d6,18.0,2021-07-02 11:49:56,54.0
132,0xf10d3079fbcfd7c6fd1b5c4807e089e5cc41b71b,6,122806_0xf10d3079fbcfd7c6fd1b5c4807e089e5cc41b71b_1625226582,122806,1,0xd20cc7de93c9f8d1877294bf62f812edce933be0,16.0,2021-07-02 11:49:42,16.0
133,0xf10d3079fbcfd7c6fd1b5c4807e089e5cc41b71b,6,122802_0xf10d3079fbcfd7c6fd1b5c4807e089e5cc41b71b_1625226384,122802,1,0x47d6f96ba098816389db7c87cbf077de7181b853,15.0,2021-07-02 11:46:24,15.0
134,0x8ea8721f27efcaabb3901ed6756505ab873f15a7,6,122798_0x8ea8721f27efcaabb3901ed6756505ab873f15a7_1625226376,122798,2,0x5f3bce4b242d00ed748d48172c1f2d47a0bcb19b,20.0,2021-07-02 11:46:16,40.0
135,0x8ea8721f27efcaabb3901ed6756505ab873f15a7,6,122791_0x8ea8721f27efcaabb3901ed6756505ab873f15a7_1625226334,122791,3,0x1a8d886d3a4a2d2aeb817ebb781f0683351538b1,18.95,2021-07-02 11:45:34,56.849999999999994
136,0x204747a864c08644151c7052fa9afd0769edd734,6,122791_0x204747a864c08644151c7052fa9afd0769edd734_1625226296,122791,2,0x1a8d886d3a4a2d2aeb817ebb781f0683351538b1,18.95,2021-07-02 11:44:56,37.9
137,0xd757f002d43dcb8db9a4e43a8350aa8cccdc4e4f,Common,122572_0xd757f002d43dcb8db9a4e43a8350aa8cccdc4e4f_1625226228,122572,1,0xa23b4bc39070fdb30779f3e587b720fefef328ec,0.087,2021-07-02 11:43:48,0.087
138,0x1a8d886d3a4a2d2aeb817ebb781f0683351538b1,Rare,122380_0x1a8d886d3a4a2d2aeb817ebb781f0683351538b1_1625226222,122380,80,0x97f35e8bbec79192e1713c9bea47035ff00f3a4c,0.82,2021-07-02 11:43:42,65.6
139,0x1a8d886d3a4a2d2aeb817ebb781f0683351538b1,Rare,122683_0x1a8d886d3a4a2d2aeb817ebb781f0683351538b1_1625226206,122683,14,0x497d32a3f4e9a4aced0a485c905a167b0517fe0d,0.81999,2021-07-02 11:43:26,11.47986
140,0x1a8d886d3a4a2d2aeb817ebb781f0683351538b1,Rare,122789_0x1a8d886d3a4a2d2aeb817ebb781f0683351538b1_1625225620,122789,2,0x667e8ddaef3d88322dd2824967ac3ac73a415ade,0.8,2021-07-02 11:33:40,1.6
141,0x51208e5cc9215c6360210c48f81c8270637a5218,6,122784_0x51208e5cc9215c6360210c48f81c8270637a5218_1625225382,122784,1,0x027ffd3c119567e85998f4e6b9c3d83d5702660c,20.0,2021-07-02 11:29:42,20.0
142,0x24844583223e067c37319a7073e4843a12fb8aee,Mythical,122783_0x24844583223e067c37319a7073e4843a12fb8aee_1625224964,122783,3,0x3b8752cab4d90828eb847d4994237f36c5308285,17.5,2021-07-02 11:22:44,52.5
143,0xf10d3079fbcfd7c6fd1b5c4807e089e5cc41b71b,Mythical,122779_0xf10d3079fbcfd7c6fd1b5c4807e089e5cc41b71b_1625219764,122779,1,0xf96ddaa24d9f01d30443d5e95dbee0e79afc59d3,16.5,2021-07-02 09:56:04,16.5
144,0xf10d3079fbcfd7c6fd1b5c4807e089e5cc41b71b,Mythical,122777_0xf10d3079fbcfd7c6fd1b5c4807e089e5cc41b71b_1625219696,122777,1,0x80039dc3d5bb48ec4bd822c4e8828574fdcc51a6,16.77,2021-07-02 09:54:56,16.77
145,0x24844583223e067c37319a7073e4843a12fb8aee,Mythical,122771_0x24844583223e067c37319a7073e4843a12fb8aee_1625217024,122771,1,0x44b8f74912b58f1303ad19db10ac6c07cb0639b1,17.6,2021-07-02 09:10:24,17.6
146,0x1a8d886d3a4a2d2aeb817ebb781f0683351538b1,Rare,122732_0x1a8d886d3a4a2d2aeb817ebb781f0683351538b1_1625216660,122732,9,0x7ed1084d30c3b8ab395f46344f5d7e6eda5c9476,0.8,2021-07-02 09:04:20,7.2
147,0x24844583223e067c37319a7073e4843a12fb8aee,Legendary,122728_0x24844583223e067c37319a7073e4843a12fb8aee_1625216276,122728,1,0x116652732b19f7db6ee3b1d3075e87400ebd981d,4.2,2021-07-02 08:57:56,4.2
148,0x24844583223e067c37319a7073e4843a12fb8aee,Legendary,122760_0x24844583223e067c37319a7073e4843a12fb8aee_1625216238,122760,1,0x2c6b5036f61047e0ab0e858f45767f14ad24f07a,4.1,2021-07-02 08:57:18,4.1
149,0x24844583223e067c37319a7073e4843a12fb8aee,Godlike,122764_0x24844583223e067c37319a7073e4843a12fb8aee_1625216204,122764,1,0xd4f7dd7723625e99cbeae39630939d364b4c5262,80.0,2021-07-02 08:56:44,80.0
150,0x24844583223e067c37319a7073e4843a12fb8aee,Mythical,122761_0x24844583223e067c37319a7073e4843a12fb8aee_1625216156,122761,2,0xe4bcc055e55baf94d03379e9b231012b5e213fa9,17.6,2021-07-02 08:55:56,35.2
151,0x24844583223e067c37319a7073e4843a12fb8aee,Mythical,122762_0x24844583223e067c37319a7073e4843a12fb8aee_1625215813,122762,20,0xd4f7dd7723625e99cbeae39630939d364b4c5262,17.5,2021-07-02 08:50:13,350.0
152,0x24844583223e067c37319a7073e4843a12fb8aee,Mythical,122651_0x24844583223e067c37319a7073e4843a12fb8aee_1625212821,122651,1,0x7aa37e107a71b077cdb586af1e2fb38be3911aca,17.3,2021-07-02 08:00:21,17.3
153,0x24844583223e067c37319a7073e4843a12fb8aee,Mythical,122740_0x24844583223e067c37319a7073e4843a12fb8aee_1625212769,122740,10,0xe4464675b21c1e9f80b839a2bc4ed7a3c586f86e,17.29,2021-07-02 07:59:29,172.89999999999998
154,0x1f47afafcfc64e5b5551f0a1ad19ee0f52b98940,Common,122572_0x1f47afafcfc64e5b5551f0a1ad19ee0f52b98940_1625211517,122572,1,0xa23b4bc39070fdb30779f3e587b720fefef328ec,0.087,2021-07-02 07:38:37,0.087
155,0x1f47afafcfc64e5b5551f0a1ad19ee0f52b98940,Common,122572_0x1f47afafcfc64e5b5551f0a1ad19ee0f52b98940_1625211493,122572,1,0xa23b4bc39070fdb30779f3e587b720fefef328ec,0.087,2021-07-02 07:38:13,0.087
156,0xf10d3079fbcfd7c6fd1b5c4807e089e5cc41b71b,Mythical,122748_0xf10d3079fbcfd7c6fd1b5c4807e089e5cc41b71b_1625211487,122748,1,0xd1ccab6b1f4606d80106b52a4415985ab78cbb93,17.0,2021-07-02 07:38:07,17.0
157,0xe88632728ed377f556cb964e6f670f6017d497e4,Common,122698_0xe88632728ed377f556cb964e6f670f6017d497e4_1625211115,122698,53,0x826088b7174bd1f07becf359025fa751e6ac11cb,0.079,2021-07-02 07:31:55,4.187
158,0x18376b013ff6f238e9cdd9c1e72e2085197e525d,Legendary,122743_0x18376b013ff6f238e9cdd9c1e72e2085197e525d_1625211079,122743,1,0x11716fe5b7a9d85d66ab8707a1c95dbffbf6684a,2.5,2021-07-02 07:31:19,2.5
159,0xf10d3079fbcfd7c6fd1b5c4807e089e5cc41b71b,Mythical,122741_0xf10d3079fbcfd7c6fd1b5c4807e089e5cc41b71b_1625211049,122741,1,0x11716fe5b7a9d85d66ab8707a1c95dbffbf6684a,10.0,2021-07-02 07:30:49,10.0
160,0xf10d3079fbcfd7c6fd1b5c4807e089e5cc41b71b,Mythical,122733_0xf10d3079fbcfd7c6fd1b5c4807e089e5cc41b71b_1625210813,122733,1,0x5e31c357d03e9528e9bf95bd16e5c1ab3f7d37d0,17.0,2021-07-02 07:26:53,17.0
161,0x29746c9d6b317c6df26ac1751d6cb03a55c1b8d5,Godlike,121697_0x29746c9d6b317c6df26ac1751d6cb03a55c1b8d5_1625210367,121697,1,0xcc84cc9462e4f1f45597c584123ee31cd7e5864b,92.0,2021-07-02 07:19:27,92.0
162,0x29746c9d6b317c6df26ac1751d6cb03a55c1b8d5,Mythical,122383_0x29746c9d6b317c6df26ac1751d6cb03a55c1b8d5_1625210335,122383,40,0x97f35e8bbec79192e1713c9bea47035ff00f3a4c,18.3,2021-07-02 07:18:55,732.0
163,0x29746c9d6b317c6df26ac1751d6cb03a55c1b8d5,Mythical,122729_0x29746c9d6b317c6df26ac1751d6cb03a55c1b8d5_1625210317,122729,7,0x496d8e92df64e7396e8257b055978a0242989976,17.9,2021-07-02 07:18:37,125.29999999999998
164,0x29746c9d6b317c6df26ac1751d6cb03a55c1b8d5,Mythical,122630_0x29746c9d6b317c6df26ac1751d6cb03a55c1b8d5_1625210309,122630,4,0xe4bcc055e55baf94d03379e9b231012b5e213fa9,17.4,2021-07-02 07:18:29,69.6
165,0xf10d3079fbcfd7c6fd1b5c4807e089e5cc41b71b,Mythical,122722_0xf10d3079fbcfd7c6fd1b5c4807e089e5cc41b71b_1625202098,122722,2,0x47d6f96ba098816389db7c87cbf077de7181b853,16.99,2021-07-02 05:01:38,33.98
166,0xf10d3079fbcfd7c6fd1b5c4807e089e5cc41b71b,Mythical,122720_0xf10d3079fbcfd7c6fd1b5c4807e089e5cc41b71b_1625201308,122720,1,0x16e1de94d41131ccd911039abf4041fb4ddab1c9,17.0,2021-07-02 04:48:28,17.0
167,0x19be37c696ea23cb65cc89ebbbd908d8b834acce,Common,122698_0x19be37c696ea23cb65cc89ebbbd908d8b834acce_1625200762,122698,10,0x826088b7174bd1f07becf359025fa751e6ac11cb,0.079,2021-07-02 04:39:22,0.79
168,0x78bc45558b303945f885b2df748889295e9dfc3e,Legendary,122664_0x78bc45558b303945f885b2df748889295e9dfc3e_1625200680,122664,8,0x6d96f02af1b8701e831a05ab273b75c6e2f02d1d,4.25,2021-07-02 04:38:00,34.0
169,0x78bc45558b303945f885b2df748889295e9dfc3e,Legendary,122611_0x78bc45558b303945f885b2df748889295e9dfc3e_1625200640,122611,1,0x116652732b19f7db6ee3b1d3075e87400ebd981d,4.2,2021-07-02 04:37:20,4.2
170,0xe1646c37cdda59a1b78cb4153bf7c726bbaf8011,Legendary,122714_0xe1646c37cdda59a1b78cb4153bf7c726bbaf8011_1625199366,122714,1,0xdac12b6ddbf055ee542f0ed460a32d1e9f361ca4,3.9,2021-07-02 04:16:06,3.9
171,0xf10d3079fbcfd7c6fd1b5c4807e089e5cc41b71b,Mythical,122710_0xf10d3079fbcfd7c6fd1b5c4807e089e5cc41b71b_1625197958,122710,1,0xd1ccab6b1f4606d80106b52a4415985ab78cbb93,17.0,2021-07-02 03:52:38,17.0
172,0x29746c9d6b317c6df26ac1751d6cb03a55c1b8d5,Mythical,122699_0x29746c9d6b317c6df26ac1751d6cb03a55c1b8d5_1625197958,122699,12,0x610c89ebabfff5701cdf8819bb28f8f38f3d6445,19.9,2021-07-02 03:52:38,238.79999999999998
173,0x29746c9d6b317c6df26ac1751d6cb03a55c1b8d5,Godlike,121506_0x29746c9d6b317c6df26ac1751d6cb03a55c1b8d5_1625197896,121506,1,0x03b16ab6e23bdbeeab719d8e4c49d63674876253,92.0,2021-07-02 03:51:36,92.0
174,0x29746c9d6b317c6df26ac1751d6cb03a55c1b8d5,Godlike,122245_0x29746c9d6b317c6df26ac1751d6cb03a55c1b8d5_1625197830,122245,1,0x830437c8d234c61ae6bffbc11f2b885e6e934554,90.0,2021-07-02 03:50:30,90.0
175,0x29746c9d6b317c6df26ac1751d6cb03a55c1b8d5,Godlike,122245_0x29746c9d6b317c6df26ac1751d6cb03a55c1b8d5_1625197818,122245,1,0x830437c8d234c61ae6bffbc11f2b885e6e934554,90.0,2021-07-02 03:50:18,90.0
176,0x29746c9d6b317c6df26ac1751d6cb03a55c1b8d5,Godlike,121810_0x29746c9d6b317c6df26ac1751d6cb03a55c1b8d5_1625197796,121810,1,0xfb91a0d6dff39f19d0ea9c988ad8dfb93244c40b,88.88,2021-07-02 03:49:56,88.88
177,0x29746c9d6b317c6df26ac1751d6cb03a55c1b8d5,Godlike,121953_0x29746c9d6b317c6df26ac1751d6cb03a55c1b8d5_1625197784,121953,1,0x2b902862205a18c9061068275b02837c3430bea5,85.0,2021-07-02 03:49:44,85.0
178,0x29746c9d6b317c6df26ac1751d6cb03a55c1b8d5,Godlike,121941_0x29746c9d6b317c6df26ac1751d6cb03a55c1b8d5_1625197758,121941,2,0x5551fa79f15ca4592a3950372fd3d4ee8be7b5cc,85.0,2021-07-02 03:49:18,170.0
179,0x29746c9d6b317c6df26ac1751d6cb03a55c1b8d5,Mythical,122701_0x29746c9d6b317c6df26ac1751d6cb03a55c1b8d5_1625197740,122701,10,0x1670b5cdd17d4caa012a75b830265b69f63e0100,17.99,2021-07-02 03:49:00,179.89999999999998
180,0x29746c9d6b317c6df26ac1751d6cb03a55c1b8d5,Mythical,122701_0x29746c9d6b317c6df26ac1751d6cb03a55c1b8d5_1625197676,122701,8,0x1670b5cdd17d4caa012a75b830265b69f63e0100,17.99,2021-07-02 03:47:56,143.92
181,0x29746c9d6b317c6df26ac1751d6cb03a55c1b8d5,Legendary,122694_0x29746c9d6b317c6df26ac1751d6cb03a55c1b8d5_1625197478,122694,41,0xcc84cc9462e4f1f45597c584123ee31cd7e5864b,4.2,2021-07-02 03:44:38,172.20000000000002
182,0x24844583223e067c37319a7073e4843a12fb8aee,Mythical,122695_0x24844583223e067c37319a7073e4843a12fb8aee_1625195179,122695,1,0x54c3a6d1db1c37264411f7944f354ea582db6d80,17.0,2021-07-02 03:06:19,17.0
183,0x24844583223e067c37319a7073e4843a12fb8aee,Godlike,122691_0x24844583223e067c37319a7073e4843a12fb8aee_1625192259,122691,1,0xc68bd00f2bb5d17ad2f6f79d246bb076fdda01b0,82.99,2021-07-02 02:17:39,82.99
184,0x24844583223e067c37319a7073e4843a12fb8aee,Godlike,122689_0x24844583223e067c37319a7073e4843a12fb8aee_1625191449,122689,1,0xbec2a2bef3566474975efa9a9c6455840dc0a2c5,75.0,2021-07-02 02:04:09,75.0
185,0x24844583223e067c37319a7073e4843a12fb8aee,Legendary,122684_0x24844583223e067c37319a7073e4843a12fb8aee_1625186980,122684,3,0xd5b88cc148a41cc431999aba56df961336bbc1d8,4.0,2021-07-02 00:49:40,12.0
186,0x24844583223e067c37319a7073e4843a12fb8aee,Mythical,122685_0x24844583223e067c37319a7073e4843a12fb8aee_1625186976,122685,1,0xd5b88cc148a41cc431999aba56df961336bbc1d8,17.0,2021-07-02 00:49:36,17.0
187,0x24844583223e067c37319a7073e4843a12fb8aee,Mythical,122681_0x24844583223e067c37319a7073e4843a12fb8aee_1625184396,122681,1,0x44b8f74912b58f1303ad19db10ac6c07cb0639b1,17.0,2021-07-02 00:06:36,17.0
188,0x24844583223e067c37319a7073e4843a12fb8aee,Godlike,122620_0x24844583223e067c37319a7073e4843a12fb8aee_1625182432,122620,1,0xe957b0829c6ae6ac461d7365b7927e1ff604114b,84.0,2021-07-01 23:33:52,84.0
189,0x24844583223e067c37319a7073e4843a12fb8aee,Godlike,122632_0x24844583223e067c37319a7073e4843a12fb8aee_1625182430,122632,1,0xde48537ce6df7f50daf3989e3202636b09b55f5b,84.0,2021-07-01 23:33:50,84.0
190,0x24844583223e067c37319a7073e4843a12fb8aee,Mythical,122668_0x24844583223e067c37319a7073e4843a12fb8aee_1625182386,122668,4,0xfaff4170e628aef5c5ce84c47ebddb5a99517fe2,16.99,2021-07-01 23:33:06,67.96
191,0xf10d3079fbcfd7c6fd1b5c4807e089e5cc41b71b,Mythical,122668_0xf10d3079fbcfd7c6fd1b5c4807e089e5cc41b71b_1625180684,122668,1,0xfaff4170e628aef5c5ce84c47ebddb5a99517fe2,16.99,2021-07-01 23:04:44,16.99
192,0x2b29518e5ac3eda4cfc138facd6f023bffc5d65a,Legendary,122663_0x2b29518e5ac3eda4cfc138facd6f023bffc5d65a_1625179150,122663,2,0xb72ed8401892466ea8af528c1af1d0524bc5e105,3.95,2021-07-01 22:39:10,7.9
193,0xf10d3079fbcfd7c6fd1b5c4807e089e5cc41b71b,Mythical,122665_0xf10d3079fbcfd7c6fd1b5c4807e089e5cc41b71b_1625179064,122665,1,0x783dca6f7b25e155123a5ea77ff2f7dd1deeef85,16.9,2021-07-01 22:37:44,16.9
194,0x2b29518e5ac3eda4cfc138facd6f023bffc5d65a,Legendary,122659_0x2b29518e5ac3eda4cfc138facd6f023bffc5d65a_1625176530,122659,1,0x21f55428206a330842faf494bcc866e3984624c9,4.0,2021-07-01 21:55:30,4.0
195,0x73b46a49e5f92480710b07be849500b772b6a995,Mythical,122652_0x73b46a49e5f92480710b07be849500b772b6a995_1625175040,122652,11,0x9bb1d0cfe96e22830079dad7d589bb011769ee51,16.0,2021-07-01 21:30:40,176.0
196,0xf10d3079fbcfd7c6fd1b5c4807e089e5cc41b71b,Mythical,122652_0xf10d3079fbcfd7c6fd1b5c4807e089e5cc41b71b_1625174820,122652,1,0x9bb1d0cfe96e22830079dad7d589bb011769ee51,16.0,2021-07-01 21:27:00,16.0
197,0xf10d3079fbcfd7c6fd1b5c4807e089e5cc41b71b,Mythical,122649_0xf10d3079fbcfd7c6fd1b5c4807e089e5cc41b71b_1625173836,122649,1,0x80039dc3d5bb48ec4bd822c4e8828574fdcc51a6,16.29,2021-07-01 21:10:36,16.29
198,0x2b29518e5ac3eda4cfc138facd6f023bffc5d65a,Legendary,122636_0x2b29518e5ac3eda4cfc138facd6f023bffc5d65a_1625159897,122636,2,0xde48537ce6df7f50daf3989e3202636b09b55f5b,4.1,2021-07-01 17:18:17,8.2
199,0x24844583223e067c37319a7073e4843a12fb8aee,Legendary,122631_0x24844583223e067c37319a7073e4843a12fb8aee_1625157471,122631,3,0x2c6b5036f61047e0ab0e858f45767f14ad24f07a,4.1,2021-07-01 16:37:51,12.299999999999999
200,0xf10d3079fbcfd7c6fd1b5c4807e089e5cc41b71b,Mythical,122633_0xf10d3079fbcfd7c6fd1b5c4807e089e5cc41b71b_1625155608,122633,1,0xde48537ce6df7f50daf3989e3202636b09b55f5b,17.0,2021-07-01 16:06:48,17.0
201,0x2b29518e5ac3eda4cfc138facd6f023bffc5d65a,Legendary,122626_0x2b29518e5ac3eda4cfc138facd6f023bffc5d65a_1625154466,122626,1,0xdfb88066f35ccb532a8a623660d29e335be07870,4.1,2021-07-01 15:47:46,4.1
202,0x19be37c696ea23cb65cc89ebbbd908d8b834acce,Rare,122622_0x19be37c696ea23cb65cc89ebbbd908d8b834acce_1625153824,122622,2,0x496d8e92df64e7396e8257b055978a0242989976,0.8,2021-07-01 15:37:04,1.6
203,0xf10d3079fbcfd7c6fd1b5c4807e089e5cc41b71b,Mythical,122618_0xf10d3079fbcfd7c6fd1b5c4807e089e5cc41b71b_1625151710,122618,1,0x16b43c4554ff4c573883abe579c40bc37da517d9,17.0,2021-07-01 15:01:50,17.0
204,0xf10d3079fbcfd7c6fd1b5c4807e089e5cc41b71b,Mythical,122615_0xf10d3079fbcfd7c6fd1b5c4807e089e5cc41b71b_1625151634,122615,1,0x80039dc3d5bb48ec4bd822c4e8828574fdcc51a6,15.98,2021-07-01 15:00:34,15.98
205,0x7b7e48d474b97fce99bf5c268707b0e4d30af92c,Legendary,122588_0x7b7e48d474b97fce99bf5c268707b0e4d30af92c_1625151634,122588,4,0x2b26f40e4fd7c28d3938be40acb51792d84385ec,4.2,2021-07-01 15:00:34,16.8
206,0x7b7e48d474b97fce99bf5c268707b0e4d30af92c,Legendary,122613_0x7b7e48d474b97fce99bf5c268707b0e4d30af92c_1625151618,122613,2,0x3238934316238ebbda1ffb229ec9a37bf66c5564,4.1999,2021-07-01 15:00:18,8.3998
207,0x24844583223e067c37319a7073e4843a12fb8aee,Godlike,122603_0x24844583223e067c37319a7073e4843a12fb8aee_1625149937,122603,3,0xa9984bb9251d03781677ad543729374a6eb72d41,84.0,2021-07-01 14:32:17,252.0
208,0xf10d3079fbcfd7c6fd1b5c4807e089e5cc41b71b,Mythical,122608_0xf10d3079fbcfd7c6fd1b5c4807e089e5cc41b71b_1625148874,122608,1,0xb72ed8401892466ea8af528c1af1d0524bc5e105,16.75,2021-07-01 14:14:34,16.75
209,0x24844583223e067c37319a7073e4843a12fb8aee,Legendary,122577_0x24844583223e067c37319a7073e4843a12fb8aee_1625145480,122577,90,0x7bb8705a3581f549c039401903251aa010ade9c6,4.1,2021-07-01 13:18:00,368.99999999999994
210,0x2b29518e5ac3eda4cfc138facd6f023bffc5d65a,Rare,122380_0x2b29518e5ac3eda4cfc138facd6f023bffc5d65a_1625144137,122380,10,0x97f35e8bbec79192e1713c9bea47035ff00f3a4c,0.82,2021-07-01 12:55:37,8.2
211,0x137c0f7d6b2558edf5b8f69eec0635dd43fad6af,Legendary,122573_0x137c0f7d6b2558edf5b8f69eec0635dd43fad6af_1625144073,122573,1,0x300010ded7b789ab5764bb52dde82edd6d29908d,4.24,2021-07-01 12:54:33,4.24
212,0x137c0f7d6b2558edf5b8f69eec0635dd43fad6af,Legendary,122515_0x137c0f7d6b2558edf5b8f69eec0635dd43fad6af_1625144053,122515,1,0x8ea3e7baef206dcafc31678a559bbd0f2ee4570b,4.15,2021-07-01 12:54:13,4.15
213,0x137c0f7d6b2558edf5b8f69eec0635dd43fad6af,Legendary,122577_0x137c0f7d6b2558edf5b8f69eec0635dd43fad6af_1625144017,122577,10,0x7bb8705a3581f549c039401903251aa010ade9c6,4.1,2021-07-01 12:53:37,41.0
214,0x137c0f7d6b2558edf5b8f69eec0635dd43fad6af,Godlike,122532_0x137c0f7d6b2558edf5b8f69eec0635dd43fad6af_1625143987,122532,4,0xd4f45e3688aa30338559daa96dfbf7dd1b08ad13,84.5,2021-07-01 12:53:07,338.0
215,0x137c0f7d6b2558edf5b8f69eec0635dd43fad6af,Godlike,122531_0x137c0f7d6b2558edf5b8f69eec0635dd43fad6af_1625143949,122531,1,0xa56e389a9ee4fe1d00d0fa2c90b06425e6952d71,84.0,2021-07-01 12:52:29,84.0
216,0x137c0f7d6b2558edf5b8f69eec0635dd43fad6af,Mythical,122431_0x137c0f7d6b2558edf5b8f69eec0635dd43fad6af_1625143915,122431,2,0x783dca6f7b25e155123a5ea77ff2f7dd1deeef85,17.25,2021-07-01 12:51:55,34.5
217,0x1a8d886d3a4a2d2aeb817ebb781f0683351538b1,Common,122594_0x1a8d886d3a4a2d2aeb817ebb781f0683351538b1_1625142587,122594,50,0xe49e3bccd8ddfe3d1d70bcc2512fb20ed9d63172,0.08,2021-07-01 12:29:47,4.0
218,0xf10d3079fbcfd7c6fd1b5c4807e089e5cc41b71b,Mythical,122590_0xf10d3079fbcfd7c6fd1b5c4807e089e5cc41b71b_1625141547,122590,1,0x47d6f96ba098816389db7c87cbf077de7181b853,17.0,2021-07-01 12:12:27,17.0
219,0x24844583223e067c37319a7073e4843a12fb8aee,Mythical,122524_0x24844583223e067c37319a7073e4843a12fb8aee_1625139205,122524,3,0x86a8d5d0f363de5afb73573d386511b18d87d992,17.0,2021-07-01 11:33:25,51.0
220,0x24844583223e067c37319a7073e4843a12fb8aee,Mythical,122446_0x24844583223e067c37319a7073e4843a12fb8aee_1625139041,122446,1,0xc38e60cd600aeb815dd3b5f4c1c545a0d3321444,17.0,2021-07-01 11:30:41,17.0
221,0x24844583223e067c37319a7073e4843a12fb8aee,Mythical,122524_0x24844583223e067c37319a7073e4843a12fb8aee_1625139001,122524,1,0x86a8d5d0f363de5afb73573d386511b18d87d992,17.0,2021-07-01 11:30:01,17.0
222,0x24844583223e067c37319a7073e4843a12fb8aee,Mythical,122404_0x24844583223e067c37319a7073e4843a12fb8aee_1625139001,122404,1,0x5e31c357d03e9528e9bf95bd16e5c1ab3f7d37d0,17.0,2021-07-01 11:30:01,17.0
223,0x24844583223e067c37319a7073e4843a12fb8aee,Mythical,122575_0x24844583223e067c37319a7073e4843a12fb8aee_1625138941,122575,1,0x44b8f74912b58f1303ad19db10ac6c07cb0639b1,17.0,2021-07-01 11:29:01,17.0
224,0x24844583223e067c37319a7073e4843a12fb8aee,Mythical,122503_0x24844583223e067c37319a7073e4843a12fb8aee_1625138941,122503,3,0x40e5423132d2f6b5dc110781e269df7a65674c75,17.0,2021-07-01 11:29:01,51.0
225,0x24844583223e067c37319a7073e4843a12fb8aee,Mythical,122576_0x24844583223e067c37319a7073e4843a12fb8aee_1625138921,122576,1,0xceca5997743ace9c1005180a80678d117df60be6,17.0,2021-07-01 11:28:41,17.0
226,0x24844583223e067c37319a7073e4843a12fb8aee,Mythical,122560_0x24844583223e067c37319a7073e4843a12fb8aee_1625138855,122560,1,0xaba3abe71987030782b3312f23ca0f199791a748,17.0,2021-07-01 11:27:35,17.0
227,0x24844583223e067c37319a7073e4843a12fb8aee,Mythical,122575_0x24844583223e067c37319a7073e4843a12fb8aee_1625138851,122575,1,0x44b8f74912b58f1303ad19db10ac6c07cb0639b1,17.0,2021-07-01 11:27:31,17.0
228,0x2b29518e5ac3eda4cfc138facd6f023bffc5d65a,Legendary,122501_0x2b29518e5ac3eda4cfc138facd6f023bffc5d65a_1625130481,122501,1,0x47e35320ed8cd2ec6b5ffc7ca3522baa8e16166f,4.1,2021-07-01 09:08:01,4.1
229,0x1a8d886d3a4a2d2aeb817ebb781f0683351538b1,Legendary,122567_0x1a8d886d3a4a2d2aeb817ebb781f0683351538b1_1625129339,122567,25,0x6a0132b33eb56f760d705a0fa947267304551719,4.0,2021-07-01 08:48:59,100.0
230,0x1a8d886d3a4a2d2aeb817ebb781f0683351538b1,Rare,122566_0x1a8d886d3a4a2d2aeb817ebb781f0683351538b1_1625129333,122566,50,0x6a0132b33eb56f760d705a0fa947267304551719,0.8,2021-07-01 08:48:53,40.0
231,0xf10d3079fbcfd7c6fd1b5c4807e089e5cc41b71b,Mythical,122558_0xf10d3079fbcfd7c6fd1b5c4807e089e5cc41b71b_1625127260,122558,1,0x47d6f96ba098816389db7c87cbf077de7181b853,10.0,2021-07-01 08:14:20,10.0
232,0x1a8d886d3a4a2d2aeb817ebb781f0683351538b1,Common,122509_0x1a8d886d3a4a2d2aeb817ebb781f0683351538b1_1625127152,122509,51,0x6c6b7bd85ef4dd5ce57700bf2fe7dc9c21ac04fb,0.081,2021-07-01 08:12:32,4.131
233,0xf10d3079fbcfd7c6fd1b5c4807e089e5cc41b71b,Mythical,122555_0xf10d3079fbcfd7c6fd1b5c4807e089e5cc41b71b_1625127060,122555,1,0x47d6f96ba098816389db7c87cbf077de7181b853,15.99,2021-07-01 08:11:00,15.99
234,0x9fdde4a5bb911bdcfbf95b37470e85d466d810d7,Rare,122380_0x9fdde4a5bb911bdcfbf95b37470e85d466d810d7_1625126786,122380,200,0x97f35e8bbec79192e1713c9bea47035ff00f3a4c,0.82,2021-07-01 08:06:26,164.0
235,0x1a8d886d3a4a2d2aeb817ebb781f0683351538b1,Mythical,122552_0x1a8d886d3a4a2d2aeb817ebb781f0683351538b1_1625126750,122552,2,0x47d6f96ba098816389db7c87cbf077de7181b853,15.99,2021-07-01 08:05:50,31.98
236,0x1a8d886d3a4a2d2aeb817ebb781f0683351538b1,Rare,122498_0x1a8d886d3a4a2d2aeb817ebb781f0683351538b1_1625126482,122498,2,0xe8df9d6682cf423ef81b4036ee9af5ecb24458cf,0.8,2021-07-01 08:01:22,1.6
237,0x1a8d886d3a4a2d2aeb817ebb781f0683351538b1,Rare,122497_0x1a8d886d3a4a2d2aeb817ebb781f0683351538b1_1625126482,122497,4,0x7f1f0d3daa63c905b185e0a1f2b79a0fbb603991,0.8,2021-07-01 08:01:22,3.2
238,0x1a8d886d3a4a2d2aeb817ebb781f0683351538b1,Rare,122500_0x1a8d886d3a4a2d2aeb817ebb781f0683351538b1_1625126480,122500,3,0x47e35320ed8cd2ec6b5ffc7ca3522baa8e16166f,0.8,2021-07-01 08:01:20,2.4000000000000004
239,0xf10d3079fbcfd7c6fd1b5c4807e089e5cc41b71b,Mythical,122547_0xf10d3079fbcfd7c6fd1b5c4807e089e5cc41b71b_1625126468,122547,1,0x47d6f96ba098816389db7c87cbf077de7181b853,15.99,2021-07-01 08:01:08,15.99
240,0x1a8d886d3a4a2d2aeb817ebb781f0683351538b1,Rare,122504_0x1a8d886d3a4a2d2aeb817ebb781f0683351538b1_1625126354,122504,50,0x7bb8705a3581f549c039401903251aa010ade9c6,0.79888888,2021-07-01 07:59:14,39.944444000000004
241,0x1a8d886d3a4a2d2aeb817ebb781f0683351538b1,Legendary,122534_0x1a8d886d3a4a2d2aeb817ebb781f0683351538b1_1625126352,122534,1,0x4995fc70f2211ec4a97ad6763f499f9c05477de0,4.0,2021-07-01 07:59:12,4.0
242,0x8560f3aa7c2522bfeabca88bb8f5f55efe9611fe,Rare,122540_0x8560f3aa7c2522bfeabca88bb8f5f55efe9611fe_1625124512,122540,10,0x577a1020e01189fc1de59a99f7393d135a429966,0.6,2021-07-01 07:28:32,6.0
243,0x18376b013ff6f238e9cdd9c1e72e2085197e525d,Legendary,122538_0x18376b013ff6f238e9cdd9c1e72e2085197e525d_1625123774,122538,3,0xaede4bf4ca6b456cc23a18bf01acf66ce678d4db,3.0,2021-07-01 07:16:14,9.0
244,0x24844583223e067c37319a7073e4843a12fb8aee,Mythical,122536_0x24844583223e067c37319a7073e4843a12fb8aee_1625123764,122536,1,0xaede4bf4ca6b456cc23a18bf01acf66ce678d4db,14.5,2021-07-01 07:16:04,14.5
245,0xe1646c37cdda59a1b78cb4153bf7c726bbaf8011,Legendary,122534_0xe1646c37cdda59a1b78cb4153bf7c726bbaf8011_1625122692,122534,1,0x4995fc70f2211ec4a97ad6763f499f9c05477de0,4.0,2021-07-01 06:58:12,4.0
246,0xe88632728ed377f556cb964e6f670f6017d497e4,Common,122518_0xe88632728ed377f556cb964e6f670f6017d497e4_1625120519,122518,68,0x826088b7174bd1f07becf359025fa751e6ac11cb,0.079,2021-07-01 06:21:59,5.372
247,0x24844583223e067c37319a7073e4843a12fb8aee,Godlike,122421_0x24844583223e067c37319a7073e4843a12fb8aee_1625114257,122421,15,0xe8bf6a58dadf67921933e361e02e40af0ff38295,84.0,2021-07-01 04:37:37,1260.0
248,0x24844583223e067c37319a7073e4843a12fb8aee,Mythical,122496_0x24844583223e067c37319a7073e4843a12fb8aee_1625112109,122496,4,0x7f1f0d3daa63c905b185e0a1f2b79a0fbb603991,16.0,2021-07-01 04:01:49,64.0
249,0x24844583223e067c37319a7073e4843a12fb8aee,Godlike,122502_0x24844583223e067c37319a7073e4843a12fb8aee_1625111837,122502,2,0x40e5423132d2f6b5dc110781e269df7a65674c75,80.0,2021-07-01 03:57:17,160.0
250,0x68e2f35c9a73f845843922637de4944c4cb4e459,Godlike,122495_0x68e2f35c9a73f845843922637de4944c4cb4e459_1625108196,122495,1,0xbec2a2bef3566474975efa9a9c6455840dc0a2c5,72.0,2021-07-01 02:56:36,72.0
251,0x0949a79b90f8c4829bf488ec19d678bb347b4db1,Common,122433_0x0949a79b90f8c4829bf488ec19d678bb347b4db1_1625100591,122433,30,0xbace1e5f9cb38f56fa8b096e3fe940d9c34d189d,0.088,2021-07-01 00:49:51,2.6399999999999997
252,0x1a8d886d3a4a2d2aeb817ebb781f0683351538b1,Uncommon,122486_0x1a8d886d3a4a2d2aeb817ebb781f0683351538b1_1625088998,122486,7,0xb72ed8401892466ea8af528c1af1d0524bc5e105,0.39,2021-06-30 21:36:38,2.73
253,0x1a8d886d3a4a2d2aeb817ebb781f0683351538b1,Mythical,122475_0x1a8d886d3a4a2d2aeb817ebb781f0683351538b1_1625088206,122475,1,0xd4690ced27007fed0c3fb1738b1e031d6d8092b0,16.0,2021-06-30 21:23:26,16.0
254,0x7b7e48d474b97fce99bf5c268707b0e4d30af92c,Godlike,122418_0x7b7e48d474b97fce99bf5c268707b0e4d30af92c_1625082391,122418,1,0xd544885634e782e1436bd0352044cb2fbf84122a,82.9,2021-06-30 19:46:31,82.9
255,0x7b7e48d474b97fce99bf5c268707b0e4d30af92c,Legendary,122428_0x7b7e48d474b97fce99bf5c268707b0e4d30af92c_1625082255,122428,1,0x116652732b19f7db6ee3b1d3075e87400ebd981d,4.2,2021-06-30 19:44:15,4.2
256,0x1a8d886d3a4a2d2aeb817ebb781f0683351538b1,Mythical,122449_0x1a8d886d3a4a2d2aeb817ebb781f0683351538b1_1625081037,122449,1,0xe5be77e6e9cfcae7f24dbf9a20f0fb24ef5b555c,16.0,2021-06-30 19:23:57,16.0
257,0x1a8d886d3a4a2d2aeb817ebb781f0683351538b1,Mythical,122447_0x1a8d886d3a4a2d2aeb817ebb781f0683351538b1_1625080379,122447,1,0x80039dc3d5bb48ec4bd822c4e8828574fdcc51a6,15.999,2021-06-30 19:12:59,15.999
258,0x1a8d886d3a4a2d2aeb817ebb781f0683351538b1,Legendary,122434_0x1a8d886d3a4a2d2aeb817ebb781f0683351538b1_1625078761,122434,3,0xb72ed8401892466ea8af528c1af1d0524bc5e105,4.0,2021-06-30 18:46:01,12.0
259,0x5761ac2e1cb06cc3f8e1dd7e40b358bb35558def,Common,122346_0x5761ac2e1cb06cc3f8e1dd7e40b358bb35558def_1625076759,122346,187,0x12168aea666be756e1ad0595fed9c306442a4103,0.09,2021-06-30 18:12:39,16.83
260,0x29746c9d6b317c6df26ac1751d6cb03a55c1b8d5,Mythical,122383_0x29746c9d6b317c6df26ac1751d6cb03a55c1b8d5_1625073185,122383,20,0x97f35e8bbec79192e1713c9bea47035ff00f3a4c,18.3,2021-06-30 17:13:05,366.0
261,0x1a8d886d3a4a2d2aeb817ebb781f0683351538b1,Godlike,122419_0x1a8d886d3a4a2d2aeb817ebb781f0683351538b1_1625071635,122419,2,0x5524c33467183c56d37d701b6d90c1773049f16e,80.0,2021-06-30 16:47:15,160.0
262,0x1a8d886d3a4a2d2aeb817ebb781f0683351538b1,Uncommon,122410_0x1a8d886d3a4a2d2aeb817ebb781f0683351538b1_1625064213,122410,21,0xb72ed8401892466ea8af528c1af1d0524bc5e105,0.39,2021-06-30 14:43:33,8.19
263,0x7b7e48d474b97fce99bf5c268707b0e4d30af92c,Legendary,122402_0x7b7e48d474b97fce99bf5c268707b0e4d30af92c_1625063749,122402,10,0x68a173eb938fcfe323e47947fd29877e5b318b60,4.2,2021-06-30 14:35:49,42.0
264,0x7b7e48d474b97fce99bf5c268707b0e4d30af92c,Legendary,122196_0x7b7e48d474b97fce99bf5c268707b0e4d30af92c_1625063591,122196,2,0x116652732b19f7db6ee3b1d3075e87400ebd981d,4.2,2021-06-30 14:33:11,8.4
265,0x7b7e48d474b97fce99bf5c268707b0e4d30af92c,Legendary,122295_0x7b7e48d474b97fce99bf5c268707b0e4d30af92c_1625063489,122295,2,0x300010ded7b789ab5764bb52dde82edd6d29908d,4.1999,2021-06-30 14:31:29,8.3998
266,0x7b7e48d474b97fce99bf5c268707b0e4d30af92c,Legendary,122257_0x7b7e48d474b97fce99bf5c268707b0e4d30af92c_1625063461,122257,2,0x3238934316238ebbda1ffb229ec9a37bf66c5564,4.1999,2021-06-30 14:31:01,8.3998
267,0x47d6f96ba098816389db7c87cbf077de7181b853,Mythical,122374_0x47d6f96ba098816389db7c87cbf077de7181b853_1625057670,122374,1,0x0464349e7012a83c965d672e9eca3896a1260624,17.9,2021-06-30 12:54:30,17.9
268,0x47d6f96ba098816389db7c87cbf077de7181b853,Mythical,122386_0x47d6f96ba098816389db7c87cbf077de7181b853_1625057650,122386,1,0x7fde3f63b902f408ffd681d75be29222fedf5a37,17.5,2021-06-30 12:54:10,17.5
269,0x64cd160801f6c393e12498084d36e7acabf25091,Common,122375_0x64cd160801f6c393e12498084d36e7acabf25091_1625055974,122375,1,0x97f35e8bbec79192e1713c9bea47035ff00f3a4c,0.089,2021-06-30 12:26:14,0.089
270,0x1a8d886d3a4a2d2aeb817ebb781f0683351538b1,Uncommon,122371_0x1a8d886d3a4a2d2aeb817ebb781f0683351538b1_1625053889,122371,10,0x0464349e7012a83c965d672e9eca3896a1260624,0.4,2021-06-30 11:51:29,4.0
271,0x1a8d886d3a4a2d2aeb817ebb781f0683351538b1,Uncommon,122379_0x1a8d886d3a4a2d2aeb817ebb781f0683351538b1_1625053865,122379,1060,0x97f35e8bbec79192e1713c9bea47035ff00f3a4c,0.399,2021-06-30 11:51:05,422.94
272,0x1a8d886d3a4a2d2aeb817ebb781f0683351538b1,Rare,122372_0x1a8d886d3a4a2d2aeb817ebb781f0683351538b1_1625053695,122372,10,0x0464349e7012a83c965d672e9eca3896a1260624,0.8,2021-06-30 11:48:15,8.0
273,0x5352b6ddee06c27a545cc86924f078a29e3453ad,Godlike,122285_0x5352b6ddee06c27a545cc86924f078a29e3453ad_1625053695,122285,2,0xa56e389a9ee4fe1d00d0fa2c90b06425e6952d71,84.0,2021-06-30 11:48:15,168.0
274,0x5352b6ddee06c27a545cc86924f078a29e3453ad,Legendary,122373_0x5352b6ddee06c27a545cc86924f078a29e3453ad_1625053625,122373,3,0x0464349e7012a83c965d672e9eca3896a1260624,3.99,2021-06-30 11:47:05,11.97
275,0x5352b6ddee06c27a545cc86924f078a29e3453ad,Rare,122351_0x5352b6ddee06c27a545cc86924f078a29e3453ad_1625050972,122351,61,0x7bb8705a3581f549c039401903251aa010ade9c6,0.818,2021-06-30 11:02:52,49.897999999999996
276,0x5352b6ddee06c27a545cc86924f078a29e3453ad,Uncommon,122350_0x5352b6ddee06c27a545cc86924f078a29e3453ad_1625050916,122350,100,0x7bb8705a3581f549c039401903251aa010ade9c6,0.40899,2021-06-30 11:01:56,40.899
277,0x5352b6ddee06c27a545cc86924f078a29e3453ad,Legendary,122341_0x5352b6ddee06c27a545cc86924f078a29e3453ad_1625050818,122341,1,0x0d85ae1aa7ea7e7e73f0274d9bdefaa2aea812fb,4.0,2021-06-30 11:00:18,4.0
278,0x5352b6ddee06c27a545cc86924f078a29e3453ad,Common,122155_0x5352b6ddee06c27a545cc86924f078a29e3453ad_1625050690,122155,747,0x0b31e9737fee75157a9aa775e35a43dec1dc2059,0.086,2021-06-30 10:58:10,64.24199999999999
279,0x5352b6ddee06c27a545cc86924f078a29e3453ad,Common,122349_0x5352b6ddee06c27a545cc86924f078a29e3453ad_1625050666,122349,102,0x7bb8705a3581f549c039401903251aa010ade9c6,0.077,2021-06-30 10:57:46,7.854
280,0x1a8d886d3a4a2d2aeb817ebb781f0683351538b1,Legendary,122338_0x1a8d886d3a4a2d2aeb817ebb781f0683351538b1_1625043883,122338,20,0x2b26f40e4fd7c28d3938be40acb51792d84385ec,4.0,2021-06-30 09:04:43,80.0
281,0x1a8d886d3a4a2d2aeb817ebb781f0683351538b1,Legendary,122332_0x1a8d886d3a4a2d2aeb817ebb781f0683351538b1_1625041708,122332,1,0xadf228a1a9e705ca02a998e1b1bc6f14b3bba908,4.0,2021-06-30 08:28:28,4.0
282,0x1a8d886d3a4a2d2aeb817ebb781f0683351538b1,Legendary,122329_0x1a8d886d3a4a2d2aeb817ebb781f0683351538b1_1625041208,122329,1,0xdac12b6ddbf055ee542f0ed460a32d1e9f361ca4,3.8,2021-06-30 08:20:08,3.8
283,0x1a8d886d3a4a2d2aeb817ebb781f0683351538b1,Godlike,122326_0x1a8d886d3a4a2d2aeb817ebb781f0683351538b1_1625041096,122326,1,0x39ca7360a4455e9a0b9b6c4f198c1ebcb1913978,80.0,2021-06-30 08:18:16,80.0
284,0x1a8d886d3a4a2d2aeb817ebb781f0683351538b1,Common,122323_0x1a8d886d3a4a2d2aeb817ebb781f0683351538b1_1625039267,122323,35,0x875425af9bea816f87cec7622b49f434fb6a8166,0.078,2021-06-30 07:47:47,2.73
285,0xbec6b56450e2eb02526bec326163c14948a8a88d,Mythical,121477_0xbec6b56450e2eb02526bec326163c14948a8a88d_1625038943,121477,1,0xafae1008f042b9647756cc4176226d8c9e62f422,18.39,2021-06-30 07:42:23,18.39
286,0x1a8d886d3a4a2d2aeb817ebb781f0683351538b1,Uncommon,122284_0x1a8d886d3a4a2d2aeb817ebb781f0683351538b1_1625038931,122284,28,0xa56e389a9ee4fe1d00d0fa2c90b06425e6952d71,0.41,2021-06-30 07:42:11,11.479999999999999
287,0xbec6b56450e2eb02526bec326163c14948a8a88d,Mythical,121901_0xbec6b56450e2eb02526bec326163c14948a8a88d_1625038923,121901,4,0x830437c8d234c61ae6bffbc11f2b885e6e934554,18.0,2021-06-30 07:42:03,72.0
288,0xbec6b56450e2eb02526bec326163c14948a8a88d,Mythical,121488_0xbec6b56450e2eb02526bec326163c14948a8a88d_1625038899,121488,4,0xf504b2bcb9125e3d5243460999668d79f38f9647,18.0,2021-06-30 07:41:39,72.0
289,0xbec6b56450e2eb02526bec326163c14948a8a88d,Mythical,121947_0xbec6b56450e2eb02526bec326163c14948a8a88d_1625038795,121947,1,0x20b55bc9a847e2cb83959737b12e6c71a1cd6f3f,17.97,2021-06-30 07:39:55,17.97
290,0xbec6b56450e2eb02526bec326163c14948a8a88d,Mythical,122280_0xbec6b56450e2eb02526bec326163c14948a8a88d_1625038777,122280,3,0x3015b2dc2a1aba39ce193ce4a88dc031428912c4,17.0,2021-06-30 07:39:37,51.0
291,0xbec6b56450e2eb02526bec326163c14948a8a88d,Mythical,122250_0xbec6b56450e2eb02526bec326163c14948a8a88d_1625038699,122250,1,0xd31bac2ee675cf904a68da14ba80efb9b405a4f5,17.0,2021-06-30 07:38:19,17.0
292,0xbec6b56450e2eb02526bec326163c14948a8a88d,Mythical,122248_0xbec6b56450e2eb02526bec326163c14948a8a88d_1625038685,122248,4,0x44b8f74912b58f1303ad19db10ac6c07cb0639b1,17.0,2021-06-30 07:38:05,68.0
293,0xbec6b56450e2eb02526bec326163c14948a8a88d,Mythical,122176_0xbec6b56450e2eb02526bec326163c14948a8a88d_1625038669,122176,1,0xaba3abe71987030782b3312f23ca0f199791a748,17.0,2021-06-30 07:37:49,17.0
294,0xbec6b56450e2eb02526bec326163c14948a8a88d,Mythical,122056_0xbec6b56450e2eb02526bec326163c14948a8a88d_1625038653,122056,2,0x4f6fff5cd87eaf8cf09467366fe783e7ecb1317b,17.0,2021-06-30 07:37:33,34.0
295,0xbec6b56450e2eb02526bec326163c14948a8a88d,Mythical,122078_0xbec6b56450e2eb02526bec326163c14948a8a88d_1625038637,122078,1,0x5e31c357d03e9528e9bf95bd16e5c1ab3f7d37d0,17.0,2021-06-30 07:37:17,17.0
296,0xbec6b56450e2eb02526bec326163c14948a8a88d,Mythical,122180_0xbec6b56450e2eb02526bec326163c14948a8a88d_1625038619,122180,12,0xe4464675b21c1e9f80b839a2bc4ed7a3c586f86e,16.99,2021-06-30 07:36:59,203.88
297,0x1a8d886d3a4a2d2aeb817ebb781f0683351538b1,Mythical,122308_0x1a8d886d3a4a2d2aeb817ebb781f0683351538b1_1625035791,122308,1,0x80039dc3d5bb48ec4bd822c4e8828574fdcc51a6,15.99,2021-06-30 06:49:51,15.99
298,0x47d6f96ba098816389db7c87cbf077de7181b853,Mythical,122287_0x47d6f96ba098816389db7c87cbf077de7181b853_1625035739,122287,1,0xf96ddaa24d9f01d30443d5e95dbee0e79afc59d3,16.5,2021-06-30 06:48:59,16.5
299,0x1a8d886d3a4a2d2aeb817ebb781f0683351538b1,Mythical,122299_0x1a8d886d3a4a2d2aeb817ebb781f0683351538b1_1625034362,122299,1,0xaede4bf4ca6b456cc23a18bf01acf66ce678d4db,15.0,2021-06-30 06:26:02,15.0
300,0x18376b013ff6f238e9cdd9c1e72e2085197e525d,Legendary,122300_0x18376b013ff6f238e9cdd9c1e72e2085197e525d_1625034360,122300,3,0xaede4bf4ca6b456cc23a18bf01acf66ce678d4db,3.0,2021-06-30 06:26:00,9.0
301,0xe88632728ed377f556cb964e6f670f6017d497e4,Godlike,122292_0xe88632728ed377f556cb964e6f670f6017d497e4_1625033474,122292,1,0x5818faf54c45e8d14be385a810a054009dafc089,78.0,2021-06-30 06:11:14,78.0
302,0x1a8d886d3a4a2d2aeb817ebb781f0683351538b1,Common,122281_0x1a8d886d3a4a2d2aeb817ebb781f0683351538b1_1625027784,122281,53,0x6c6b7bd85ef4dd5ce57700bf2fe7dc9c21ac04fb,0.079,2021-06-30 04:36:24,4.187
303,0x1a8d886d3a4a2d2aeb817ebb781f0683351538b1,Legendary,122277_0x1a8d886d3a4a2d2aeb817ebb781f0683351538b1_1625026632,122277,2,0xb72ed8401892466ea8af528c1af1d0524bc5e105,4.1,2021-06-30 04:17:12,8.2
304,0x1a8d886d3a4a2d2aeb817ebb781f0683351538b1,Legendary,122274_0x1a8d886d3a4a2d2aeb817ebb781f0683351538b1_1625025664,122274,2,0x308dd673968bcc85e52420c6ecd713d206b49f59,4.0,2021-06-30 04:01:04,8.0
305,0x1a8d886d3a4a2d2aeb817ebb781f0683351538b1,Common,122271_0x1a8d886d3a4a2d2aeb817ebb781f0683351538b1_1625024736,122271,65,0x826088b7174bd1f07becf359025fa751e6ac11cb,0.079,2021-06-30 03:45:36,5.135
306,0x1a8d886d3a4a2d2aeb817ebb781f0683351538b1,Legendary,122268_0x1a8d886d3a4a2d2aeb817ebb781f0683351538b1_1625024428,122268,3,0x4fb2b9ad1ab7797ec5488657f0df53f944e45a44,4.1,2021-06-30 03:40:28,12.299999999999999
307,0x66d4b78ea4e64e7d1952d5b5e0aee54be18f9975,Common,122155_0x66d4b78ea4e64e7d1952d5b5e0aee54be18f9975_1625023966,122155,10,0x0b31e9737fee75157a9aa775e35a43dec1dc2059,0.086,2021-06-30 03:32:46,0.8599999999999999
308,0x1a8d886d3a4a2d2aeb817ebb781f0683351538b1,Rare,122254_0x1a8d886d3a4a2d2aeb817ebb781f0683351538b1_1625022156,122254,2,0xe416afde5d9665bfe4d1b38981df7087bd78538f,0.82,2021-06-30 03:02:36,1.64
309,0x1a8d886d3a4a2d2aeb817ebb781f0683351538b1,Godlike,122246_0x1a8d886d3a4a2d2aeb817ebb781f0683351538b1_1625015418,122246,1,0xbec2a2bef3566474975efa9a9c6455840dc0a2c5,73.0,2021-06-30 01:10:18,73.0
310,0x884aff98eceeb5016baf4e04bd5e0ed54b2e81bb,Rare,122236_0x884aff98eceeb5016baf4e04bd5e0ed54b2e81bb_1625012848,122236,2,0xb1523d0e1b7d4567ab27e4d26c16768456a93f4b,0.837,2021-06-30 00:27:28,1.674
311,0x1a8d886d3a4a2d2aeb817ebb781f0683351538b1,Rare,122234_0x1a8d886d3a4a2d2aeb817ebb781f0683351538b1_1625010618,122234,3,0xf3e11d89b07e738f31de12e8d8cfa0eac7867a37,0.81,2021-06-29 23:50:18,2.43
312,0x1a8d886d3a4a2d2aeb817ebb781f0683351538b1,Rare,122232_0x1a8d886d3a4a2d2aeb817ebb781f0683351538b1_1625010424,122232,2,0xf3e11d89b07e738f31de12e8d8cfa0eac7867a37,0.8,2021-06-29 23:47:04,1.6
313,0x1a8d886d3a4a2d2aeb817ebb781f0683351538b1,Mythical,122230_0x1a8d886d3a4a2d2aeb817ebb781f0683351538b1_1625010298,122230,1,0xf3e11d89b07e738f31de12e8d8cfa0eac7867a37,15.0,2021-06-29 23:44:58,15.0
314,0xe1646c37cdda59a1b78cb4153bf7c726bbaf8011,Godlike,122223_0xe1646c37cdda59a1b78cb4153bf7c726bbaf8011_1625007204,122223,1,0xce2dae844a2f473cb10e72ea5b5cd82ce1c86c76,83.0,2021-06-29 22:53:24,83.0
315,0xba21325681ffd7d623993a2a564f6390654e2948,Rare,121504_0xba21325681ffd7d623993a2a564f6390654e2948_1624998510,121504,20,0x03b16ab6e23bdbeeab719d8e4c49d63674876253,0.84,2021-06-29 20:28:30,16.8
316,0xba21325681ffd7d623993a2a564f6390654e2948,Rare,121611_0xba21325681ffd7d623993a2a564f6390654e2948_1624998384,121611,5,0x3238934316238ebbda1ffb229ec9a37bf66c5564,0.839,2021-06-29 20:26:24,4.195
317,0xba21325681ffd7d623993a2a564f6390654e2948,Rare,122171_0xba21325681ffd7d623993a2a564f6390654e2948_1624997934,122171,20,0x113204be8150654057fc08da084915fff513fab3,0.83,2021-06-29 20:18:54,16.599999999999998
318,0x1a8d886d3a4a2d2aeb817ebb781f0683351538b1,Godlike,122216_0x1a8d886d3a4a2d2aeb817ebb781f0683351538b1_1624997404,122216,1,0x32037cabd6e86e7e9e83ab1f997e4420b8503710,82.3,2021-06-29 20:10:04,82.3
319,0x1a8d886d3a4a2d2aeb817ebb781f0683351538b1,Common,122206_0x1a8d886d3a4a2d2aeb817ebb781f0683351538b1_1624993693,122206,488,0x9346c01def77c612b1c8e1ccf5ac6e15fe4c17e4,0.075,2021-06-29 19:08:13,36.6
320,0x1a8d886d3a4a2d2aeb817ebb781f0683351538b1,Legendary,122204_0x1a8d886d3a4a2d2aeb817ebb781f0683351538b1_1624992903,122204,2,0x2c6b5036f61047e0ab0e858f45767f14ad24f07a,4.1,2021-06-29 18:55:03,8.2
321,0xc69633aaf814969010e3f8755c1d598f305a2660,Common,122155_0xc69633aaf814969010e3f8755c1d598f305a2660_1624991973,122155,2,0x0b31e9737fee75157a9aa775e35a43dec1dc2059,0.086,2021-06-29 18:39:33,0.172
322,0xc69633aaf814969010e3f8755c1d598f305a2660,Uncommon,122174_0xc69633aaf814969010e3f8755c1d598f305a2660_1624991727,122174,1,0xb72ed8401892466ea8af528c1af1d0524bc5e105,0.44,2021-06-29 18:35:27,0.44
323,0x1a8d886d3a4a2d2aeb817ebb781f0683351538b1,Mythical,122197_0x1a8d886d3a4a2d2aeb817ebb781f0683351538b1_1624987721,122197,1,0x47e35320ed8cd2ec6b5ffc7ca3522baa8e16166f,16.0,2021-06-29 17:28:41,16.0
324,0x5d81166eabf8810b3631ad7117b72a9fd8b98e36,Common,122155_0x5d81166eabf8810b3631ad7117b72a9fd8b98e36_1624985959,122155,232,0x0b31e9737fee75157a9aa775e35a43dec1dc2059,0.086,2021-06-29 16:59:19,19.951999999999998
325,0x1a8d886d3a4a2d2aeb817ebb781f0683351538b1,Rare,122185_0x1a8d886d3a4a2d2aeb817ebb781f0683351538b1_1624983981,122185,8,0x4295aef8e869b693cc474d34bb9c6fb1c7328299,0.8,2021-06-29 16:26:21,6.4
326,0x7b7e48d474b97fce99bf5c268707b0e4d30af92c,Legendary,122173_0x7b7e48d474b97fce99bf5c268707b0e4d30af92c_1624982548,122173,2,0xb72ed8401892466ea8af528c1af1d0524bc5e105,4.2,2021-06-29 16:02:28,8.4
327,0x7b7e48d474b97fce99bf5c268707b0e4d30af92c,Godlike,121998_0x7b7e48d474b97fce99bf5c268707b0e4d30af92c_1624982470,121998,1,0x71d5b2f4b7b54b7ab3df8cc91cbcb98edf2796cb,84.5,2021-06-29 16:01:10,84.5
328,0x4995fc70f2211ec4a97ad6763f499f9c05477de0,Common,122155_0x4995fc70f2211ec4a97ad6763f499f9c05477de0_1624982396,122155,1,0x0b31e9737fee75157a9aa775e35a43dec1dc2059,0.086,2021-06-29 15:59:56,0.086
329,0x1a8d886d3a4a2d2aeb817ebb781f0683351538b1,Common,122178_0x1a8d886d3a4a2d2aeb817ebb781f0683351538b1_1624981226,122178,50,0x33caf1e780fc8a92247f42a220caeafde3b5d553,0.08,2021-06-29 15:40:26,4.0
330,0xbd6f5bdc401ab1ca811e40755f4a2ddad75ce2cc,Legendary,122010_0xbd6f5bdc401ab1ca811e40755f4a2ddad75ce2cc_1624976229,122010,2,0x03b16ab6e23bdbeeab719d8e4c49d63674876253,4.4,2021-06-29 14:17:09,8.8
331,0xbd6f5bdc401ab1ca811e40755f4a2ddad75ce2cc,Rare,121611_0xbd6f5bdc401ab1ca811e40755f4a2ddad75ce2cc_1624976161,121611,1,0x3238934316238ebbda1ffb229ec9a37bf66c5564,0.839,2021-06-29 14:16:01,0.839
332,0xbd6f5bdc401ab1ca811e40755f4a2ddad75ce2cc,Uncommon,121892_0xbd6f5bdc401ab1ca811e40755f4a2ddad75ce2cc_1624976089,121892,8,0x72db34299d4bb489993a49822708ce692cca3eb2,0.449,2021-06-29 14:14:49,3.592
333,0xbd6f5bdc401ab1ca811e40755f4a2ddad75ce2cc,Uncommon,122068_0xbd6f5bdc401ab1ca811e40755f4a2ddad75ce2cc_1624976027,122068,5,0x884aff98eceeb5016baf4e04bd5e0ed54b2e81bb,0.444,2021-06-29 14:13:47,2.22
334,0xbd6f5bdc401ab1ca811e40755f4a2ddad75ce2cc,Common,122155_0xbd6f5bdc401ab1ca811e40755f4a2ddad75ce2cc_1624975953,122155,76,0x0b31e9737fee75157a9aa775e35a43dec1dc2059,0.086,2021-06-29 14:12:33,6.536
335,0xbd6f5bdc401ab1ca811e40755f4a2ddad75ce2cc,Common,121610_0xbd6f5bdc401ab1ca811e40755f4a2ddad75ce2cc_1624975937,121610,26,0x0949a79b90f8c4829bf488ec19d678bb347b4db1,0.085,2021-06-29 14:12:17,2.21
336,0x2b29518e5ac3eda4cfc138facd6f023bffc5d65a,Mythical,122163_0x2b29518e5ac3eda4cfc138facd6f023bffc5d65a_1624974169,122163,1,0x16e1de94d41131ccd911039abf4041fb4ddab1c9,16.1,2021-06-29 13:42:49,16.1
337,0x1a8d886d3a4a2d2aeb817ebb781f0683351538b1,Rare,122159_0x1a8d886d3a4a2d2aeb817ebb781f0683351538b1_1624972963,122159,51,0x294be339958ca360b5c7f57e1013bfb12a1d696d,0.8,2021-06-29 13:22:43,40.800000000000004
338,0x17d4e25d083bcc954a4d1690902caf24d93e83f0,Legendary,122156_0x17d4e25d083bcc954a4d1690902caf24d93e83f0_1624972841,122156,3,0xd5b88cc148a41cc431999aba56df961336bbc1d8,4.25,2021-06-29 13:20:41,12.75
339,0x1a8d886d3a4a2d2aeb817ebb781f0683351538b1,Rare,122146_0x1a8d886d3a4a2d2aeb817ebb781f0683351538b1_1624968057,122146,3,0x640629cffdf4b09656fb4c8ae15236024b078d4c,0.8,2021-06-29 12:00:57,2.4000000000000004
340,0x1a8d886d3a4a2d2aeb817ebb781f0683351538b1,Mythical,122093_0x1a8d886d3a4a2d2aeb817ebb781f0683351538b1_1624966615,122093,1,0x80039dc3d5bb48ec4bd822c4e8828574fdcc51a6,16.19,2021-06-29 11:36:55,16.19
341,0x1a8d886d3a4a2d2aeb817ebb781f0683351538b1,Common,122086_0x1a8d886d3a4a2d2aeb817ebb781f0683351538b1_1624959530,122086,21,0xc6641daf8c5896dc75a6aa845dc3717a738c02d7,0.075,2021-06-29 09:38:50,1.575
342,0x1a8d886d3a4a2d2aeb817ebb781f0683351538b1,Rare,122085_0x1a8d886d3a4a2d2aeb817ebb781f0683351538b1_1624959462,122085,9,0xc6641daf8c5896dc75a6aa845dc3717a738c02d7,0.55,2021-06-29 09:37:42,4.95
343,0x1a8d886d3a4a2d2aeb817ebb781f0683351538b1,Common,122008_0x1a8d886d3a4a2d2aeb817ebb781f0683351538b1_1624958926,122008,1000,0x0b31e9737fee75157a9aa775e35a43dec1dc2059,0.08,2021-06-29 09:28:46,80.0
344,0x2b29518e5ac3eda4cfc138facd6f023bffc5d65a,Common,122081_0x2b29518e5ac3eda4cfc138facd6f023bffc5d65a_1624958722,122081,105,0x875425af9bea816f87cec7622b49f434fb6a8166,0.078,2021-06-29 09:25:22,8.19
345,0x2b29518e5ac3eda4cfc138facd6f023bffc5d65a,Common,122081_0x2b29518e5ac3eda4cfc138facd6f023bffc5d65a_1624958534,122081,105,0x875425af9bea816f87cec7622b49f434fb6a8166,0.078,2021-06-29 09:22:14,8.19
346,0x8560f3aa7c2522bfeabca88bb8f5f55efe9611fe,Mythical,122074_0x8560f3aa7c2522bfeabca88bb8f5f55efe9611fe_1624957150,122074,1,0x5e31c357d03e9528e9bf95bd16e5c1ab3f7d37d0,16.0,2021-06-29 08:59:10,16.0
347,0x2b29518e5ac3eda4cfc138facd6f023bffc5d65a,Godlike,122073_0x2b29518e5ac3eda4cfc138facd6f023bffc5d65a_1624956356,122073,1,0x5e31c357d03e9528e9bf95bd16e5c1ab3f7d37d0,72.0,2021-06-29 08:45:56,72.0
348,0x78bc45558b303945f885b2df748889295e9dfc3e,Legendary,122006_0x78bc45558b303945f885b2df748889295e9dfc3e_1624953300,122006,6,0x7bb8705a3581f549c039401903251aa010ade9c6,4.35,2021-06-29 07:55:00,26.099999999999998
349,0x8560f3aa7c2522bfeabca88bb8f5f55efe9611fe,Uncommon,121892_0x8560f3aa7c2522bfeabca88bb8f5f55efe9611fe_1624952618,121892,2,0x72db34299d4bb489993a49822708ce692cca3eb2,0.449,2021-06-29 07:43:38,0.898
350,0xbec6b56450e2eb02526bec326163c14948a8a88d,Mythical,122002_0xbec6b56450e2eb02526bec326163c14948a8a88d_1624952118,122002,13,0x2c36ea13df89115c45e1af0c7bfc5ccddf61cfd4,17.0,2021-06-29 07:35:18,221.0
351,0xbec6b56450e2eb02526bec326163c14948a8a88d,Mythical,121968_0xbec6b56450e2eb02526bec326163c14948a8a88d_1624952058,121968,4,0x793491fe4a7b25eee0065e484a52c7a0dfd8c0d9,17.0,2021-06-29 07:34:18,68.0
352,0xbec6b56450e2eb02526bec326163c14948a8a88d,Mythical,121952_0xbec6b56450e2eb02526bec326163c14948a8a88d_1624952018,121952,3,0x2b902862205a18c9061068275b02837c3430bea5,17.0,2021-06-29 07:33:38,51.0
353,0x78bc45558b303945f885b2df748889295e9dfc3e,Legendary,121689_0x78bc45558b303945f885b2df748889295e9dfc3e_1624947429,121689,1,0xb9d439f50e53b20778b131cada0527ba3d1bd194,4.4,2021-06-29 06:17:09,4.4
354,0x78bc45558b303945f885b2df748889295e9dfc3e,Legendary,121752_0x78bc45558b303945f885b2df748889295e9dfc3e_1624947177,121752,10,0x03b16ab6e23bdbeeab719d8e4c49d63674876253,4.3,2021-06-29 06:12:57,43.0
355,0x78bc45558b303945f885b2df748889295e9dfc3e,Legendary,121768_0x78bc45558b303945f885b2df748889295e9dfc3e_1624945707,121768,1,0x3238934316238ebbda1ffb229ec9a37bf66c5564,4.249,2021-06-29 05:48:27,4.249
356,0x78bc45558b303945f885b2df748889295e9dfc3e,Legendary,121960_0x78bc45558b303945f885b2df748889295e9dfc3e_1624945655,121960,5,0xd5cfcc460c50098fac1c9c67c436394f738b0b9f,4.2,2021-06-29 05:47:35,21.0
357,0x78bc45558b303945f885b2df748889295e9dfc3e,Legendary,121942_0x78bc45558b303945f885b2df748889295e9dfc3e_1624945559,121942,7,0x5551fa79f15ca4592a3950372fd3d4ee8be7b5cc,4.2,2021-06-29 05:45:59,29.400000000000002
358,0x1a8d886d3a4a2d2aeb817ebb781f0683351538b1,Uncommon,121995_0x1a8d886d3a4a2d2aeb817ebb781f0683351538b1_1624944971,121995,11,0x6c6b7bd85ef4dd5ce57700bf2fe7dc9c21ac04fb,0.4,2021-06-29 05:36:11,4.4
359,0x1a8d886d3a4a2d2aeb817ebb781f0683351538b1,Mythical,121981_0x1a8d886d3a4a2d2aeb817ebb781f0683351538b1_1624944549,121981,3,0xf96ddaa24d9f01d30443d5e95dbee0e79afc59d3,16.5,2021-06-29 05:29:09,49.5
360,0x1a8d886d3a4a2d2aeb817ebb781f0683351538b1,Common,121976_0x1a8d886d3a4a2d2aeb817ebb781f0683351538b1_1624944539,121976,64,0x826088b7174bd1f07becf359025fa751e6ac11cb,0.079,2021-06-29 05:28:59,5.056
361,0x1a8d886d3a4a2d2aeb817ebb781f0683351538b1,Legendary,121988_0x1a8d886d3a4a2d2aeb817ebb781f0683351538b1_1624944529,121988,1,0xaede4bf4ca6b456cc23a18bf01acf66ce678d4db,3.5,2021-06-29 05:28:49,3.5
362,0x1a8d886d3a4a2d2aeb817ebb781f0683351538b1,Rare,121989_0x1a8d886d3a4a2d2aeb817ebb781f0683351538b1_1624944523,121989,5,0xaede4bf4ca6b456cc23a18bf01acf66ce678d4db,0.55,2021-06-29 05:28:43,2.75
363,0x7b7e48d474b97fce99bf5c268707b0e4d30af92c,Legendary,121948_0x7b7e48d474b97fce99bf5c268707b0e4d30af92c_1624941424,121948,4,0x20b55bc9a847e2cb83959737b12e6c71a1cd6f3f,4.1,2021-06-29 04:37:04,16.4
364,0x7b7e48d474b97fce99bf5c268707b0e4d30af92c,Legendary,121973_0x7b7e48d474b97fce99bf5c268707b0e4d30af92c_1624941291,121973,2,0xb72ed8401892466ea8af528c1af1d0524bc5e105,4.05,2021-06-29 04:34:51,8.1
365,0x636db7553dfb9c87dce1a5edf117edcaff1b650a,Mythical,121970_0x636db7553dfb9c87dce1a5edf117edcaff1b650a_1624934045,121970,1,0xe5be77e6e9cfcae7f24dbf9a20f0fb24ef5b555c,15.0,2021-06-29 02:34:05,15.0
366,0x636db7553dfb9c87dce1a5edf117edcaff1b650a,Godlike,121969_0x636db7553dfb9c87dce1a5edf117edcaff1b650a_1624934041,121969,1,0xbec2a2bef3566474975efa9a9c6455840dc0a2c5,75.0,2021-06-29 02:34:01,75.0
367,0x2b29518e5ac3eda4cfc138facd6f023bffc5d65a,Mythical,121954_0x2b29518e5ac3eda4cfc138facd6f023bffc5d65a_1624926004,121954,2,0xaede4bf4ca6b456cc23a18bf01acf66ce678d4db,15.0,2021-06-29 00:20:04,30.0
368,0x77f41d8a529fc1f77bf32992c9d98ca666bb053f,Legendary,121955_0x77f41d8a529fc1f77bf32992c9d98ca666bb053f_1624925984,121955,3,0xaede4bf4ca6b456cc23a18bf01acf66ce678d4db,3.5,2021-06-29 00:19:44,10.5
369,0x137c0f7d6b2558edf5b8f69eec0635dd43fad6af,Godlike,121946_0x137c0f7d6b2558edf5b8f69eec0635dd43fad6af_1624920438,121946,1,0x20b55bc9a847e2cb83959737b12e6c71a1cd6f3f,84.0,2021-06-28 22:47:18,84.0
370,0x1a8d886d3a4a2d2aeb817ebb781f0683351538b1,Mythical,121943_0x1a8d886d3a4a2d2aeb817ebb781f0683351538b1_1624914604,121943,1,0x80039dc3d5bb48ec4bd822c4e8828574fdcc51a6,16.19,2021-06-28 21:10:04,16.19
371,0x7b7e48d474b97fce99bf5c268707b0e4d30af92c,Godlike,121912_0x7b7e48d474b97fce99bf5c268707b0e4d30af92c_1624909072,121912,1,0x4ed549c9aa7fec07827b5bfee4f8314dc9cb976f,85.0,2021-06-28 19:37:52,85.0
372,0x1a8d886d3a4a2d2aeb817ebb781f0683351538b1,Uncommon,121931_0x1a8d886d3a4a2d2aeb817ebb781f0683351538b1_1624906402,121931,10,0xb72ed8401892466ea8af528c1af1d0524bc5e105,0.405,2021-06-28 18:53:22,4.050000000000001
373,0x617ee091ded446098dea070a3dc23670f93e07e2,Common,121555_0x617ee091ded446098dea070a3dc23670f93e07e2_1624906270,121555,11,0x875425af9bea816f87cec7622b49f434fb6a8166,0.084,2021-06-28 18:51:10,0.924
374,0x1a8d886d3a4a2d2aeb817ebb781f0683351538b1,Rare,121927_0x1a8d886d3a4a2d2aeb817ebb781f0683351538b1_1624904944,121927,9,0x20e50a28bd4ac6ce1540ecab6ee9d446366c13f2,0.81,2021-06-28 18:29:04,7.290000000000001
375,0x7b7e48d474b97fce99bf5c268707b0e4d30af92c,Mythical,121924_0x7b7e48d474b97fce99bf5c268707b0e4d30af92c_1624903234,121924,3,0xf06b10cc81d64d2f01ba789d24426db7cf23cd20,16.0,2021-06-28 18:00:34,48.0
376,0x7b7e48d474b97fce99bf5c268707b0e4d30af92c,Legendary,121919_0x7b7e48d474b97fce99bf5c268707b0e4d30af92c_1624903150,121919,2,0x116652732b19f7db6ee3b1d3075e87400ebd981d,4.2,2021-06-28 17:59:10,8.4
377,0x2b29518e5ac3eda4cfc138facd6f023bffc5d65a,Legendary,121920_0x2b29518e5ac3eda4cfc138facd6f023bffc5d65a_1624900646,121920,1,0xdac12b6ddbf055ee542f0ed460a32d1e9f361ca4,3.9,2021-06-28 17:17:26,3.9
378,0x1a8d886d3a4a2d2aeb817ebb781f0683351538b1,Common,121584_0x1a8d886d3a4a2d2aeb817ebb781f0683351538b1_1624893852,121584,17,0xa23b4bc39070fdb30779f3e587b720fefef328ec,0.083,2021-06-28 15:24:12,1.411
379,0x1a8d886d3a4a2d2aeb817ebb781f0683351538b1,Legendary,121897_0x1a8d886d3a4a2d2aeb817ebb781f0683351538b1_1624893844,121897,5,0xb72ed8401892466ea8af528c1af1d0524bc5e105,4.15,2021-06-28 15:24:04,20.75
380,0x7b7e48d474b97fce99bf5c268707b0e4d30af92c,Legendary,121863_0x7b7e48d474b97fce99bf5c268707b0e4d30af92c_1624892370,121863,3,0xaba3abe71987030782b3312f23ca0f199791a748,4.24,2021-06-28 14:59:30,12.72
381,0x7b7e48d474b97fce99bf5c268707b0e4d30af92c,Legendary,121841_0x7b7e48d474b97fce99bf5c268707b0e4d30af92c_1624892346,121841,10,0x68a173eb938fcfe323e47947fd29877e5b318b60,4.24,2021-06-28 14:59:06,42.400000000000006
382,0x7b7e48d474b97fce99bf5c268707b0e4d30af92c,Legendary,121803_0x7b7e48d474b97fce99bf5c268707b0e4d30af92c_1624892318,121803,1,0x300010ded7b789ab5764bb52dde82edd6d29908d,4.24,2021-06-28 14:58:38,4.24
383,0x7b7e48d474b97fce99bf5c268707b0e4d30af92c,Legendary,121872_0x7b7e48d474b97fce99bf5c268707b0e4d30af92c_1624888094,121872,5,0xd5b88cc148a41cc431999aba56df961336bbc1d8,4.2,2021-06-28 13:48:14,21.0
384,0x5761ac2e1cb06cc3f8e1dd7e40b358bb35558def,Mythical,121864_0x5761ac2e1cb06cc3f8e1dd7e40b358bb35558def_1624887540,121864,1,0xaba3abe71987030782b3312f23ca0f199791a748,18.0,2021-06-28 13:39:00,18.0
385,0x1a8d886d3a4a2d2aeb817ebb781f0683351538b1,Legendary,121855_0x1a8d886d3a4a2d2aeb817ebb781f0683351538b1_1624875087,121855,3,0x2c6b5036f61047e0ab0e858f45767f14ad24f07a,4.1,2021-06-28 10:11:27,12.299999999999999
386,0x1a8d886d3a4a2d2aeb817ebb781f0683351538b1,Rare,121848_0x1a8d886d3a4a2d2aeb817ebb781f0683351538b1_1624873171,121848,8,0x7ed1084d30c3b8ab395f46344f5d7e6eda5c9476,0.8,2021-06-28 09:39:31,6.4
387,0x1a8d886d3a4a2d2aeb817ebb781f0683351538b1,Rare,121848_0x1a8d886d3a4a2d2aeb817ebb781f0683351538b1_1624873063,121848,6,0x7ed1084d30c3b8ab395f46344f5d7e6eda5c9476,0.8,2021-06-28 09:37:43,4.800000000000001
388,0x137c0f7d6b2558edf5b8f69eec0635dd43fad6af,Mythical,121798_0x137c0f7d6b2558edf5b8f69eec0635dd43fad6af_1624871109,121798,19,0x2c36ea13df89115c45e1af0c7bfc5ccddf61cfd4,17.0,2021-06-28 09:05:09,323.0
389,0x1a8d886d3a4a2d2aeb817ebb781f0683351538b1,Legendary,121838_0x1a8d886d3a4a2d2aeb817ebb781f0683351538b1_1624868497,121838,1,0x20e50a28bd4ac6ce1540ecab6ee9d446366c13f2,4.1,2021-06-28 08:21:37,4.1
390,0x1a8d886d3a4a2d2aeb817ebb781f0683351538b1,Uncommon,121797_0x1a8d886d3a4a2d2aeb817ebb781f0683351538b1_1624868489,121797,20,0x6c6b7bd85ef4dd5ce57700bf2fe7dc9c21ac04fb,0.41,2021-06-28 08:21:29,8.2
391,0x8560f3aa7c2522bfeabca88bb8f5f55efe9611fe,Mythical,121809_0x8560f3aa7c2522bfeabca88bb8f5f55efe9611fe_1624868305,121809,1,0x80039dc3d5bb48ec4bd822c4e8828574fdcc51a6,16.39,2021-06-28 08:18:25,16.39
392,0x1a8d886d3a4a2d2aeb817ebb781f0683351538b1,Common,121785_0x1a8d886d3a4a2d2aeb817ebb781f0683351538b1_1624867787,121785,1000,0x0b31e9737fee75157a9aa775e35a43dec1dc2059,0.08,2021-06-28 08:09:47,80.0
393,0xe88632728ed377f556cb964e6f670f6017d497e4,Common,121793_0xe88632728ed377f556cb964e6f670f6017d497e4_1624860172,121793,66,0x826088b7174bd1f07becf359025fa751e6ac11cb,0.078,2021-06-28 06:02:52,5.148
394,0x7bb8705a3581f549c039401903251aa010ade9c6,Legendary,121777_0x7bb8705a3581f549c039401903251aa010ade9c6_1624851272,121777,3,0x7e23217855ecfa9ae9153820a843bad0726b4f65,3.9,2021-06-28 03:34:32,11.7
395,0x5ce676b01adf27de6b7637b6dee71f01a109a198,Mythical,121488_0x5ce676b01adf27de6b7637b6dee71f01a109a198_1624839866,121488,1,0xf504b2bcb9125e3d5243460999668d79f38f9647,18.0,2021-06-28 00:24:26,18.0
396,0x8560f3aa7c2522bfeabca88bb8f5f55efe9611fe,Mythical,121754_0x8560f3aa7c2522bfeabca88bb8f5f55efe9611fe_1624833554,121754,1,0x783dca6f7b25e155123a5ea77ff2f7dd1deeef85,16.9,2021-06-27 22:39:14,16.9
397,0x2b29518e5ac3eda4cfc138facd6f023bffc5d65a,Godlike,121758_0x2b29518e5ac3eda4cfc138facd6f023bffc5d65a_1624832766,121758,1,0xbec2a2bef3566474975efa9a9c6455840dc0a2c5,80.0,2021-06-27 22:26:06,80.0
398,0x137c0f7d6b2558edf5b8f69eec0635dd43fad6af,Legendary,121551_0x137c0f7d6b2558edf5b8f69eec0635dd43fad6af_1624829404,121551,8,0x68a173eb938fcfe323e47947fd29877e5b318b60,4.3,2021-06-27 21:30:04,34.4
399,0x2b29518e5ac3eda4cfc138facd6f023bffc5d65a,Rare,121749_0x2b29518e5ac3eda4cfc138facd6f023bffc5d65a_1624827978,121749,4,0x19e02b992c0295d27eecff941d5dbfaf85409d86,0.8,2021-06-27 21:06:18,3.2
400,0x1a8d886d3a4a2d2aeb817ebb781f0683351538b1,Legendary,121746_0x1a8d886d3a4a2d2aeb817ebb781f0683351538b1_1624826204,121746,2,0xf8db4659236c990a84ab7cd0ef057e9055ee59c1,3.99,2021-06-27 20:36:44,7.98
401,0x7b7e48d474b97fce99bf5c268707b0e4d30af92c,Mythical,121734_0x7b7e48d474b97fce99bf5c268707b0e4d30af92c_1624818798,121734,1,0xd4690ced27007fed0c3fb1738b1e031d6d8092b0,17.0,2021-06-27 18:33:18,17.0
402,0x7b7e48d474b97fce99bf5c268707b0e4d30af92c,Legendary,121720_0x7b7e48d474b97fce99bf5c268707b0e4d30af92c_1624816176,121720,1,0xb72ed8401892466ea8af528c1af1d0524bc5e105,4.25,2021-06-27 17:49:36,4.25
403,0x7b7e48d474b97fce99bf5c268707b0e4d30af92c,Legendary,121720_0x7b7e48d474b97fce99bf5c268707b0e4d30af92c_1624816146,121720,2,0xb72ed8401892466ea8af528c1af1d0524bc5e105,4.25,2021-06-27 17:49:06,8.5
404,0x7b7e48d474b97fce99bf5c268707b0e4d30af92c,Mythical,121545_0x7b7e48d474b97fce99bf5c268707b0e4d30af92c_1624814796,121545,1,0xd5b88cc148a41cc431999aba56df961336bbc1d8,17.9,2021-06-27 17:26:36,17.9
405,0xe88632728ed377f556cb964e6f670f6017d497e4,Mythical,121724_0xe88632728ed377f556cb964e6f670f6017d497e4_1624812578,121724,2,0x80039dc3d5bb48ec4bd822c4e8828574fdcc51a6,15.77,2021-06-27 16:49:38,31.54
406,0xe88632728ed377f556cb964e6f670f6017d497e4,Rare,121717_0xe88632728ed377f556cb964e6f670f6017d497e4_1624803094,121717,18,0x6ef680abfc9c8e60ebd5813ce724b75af4591cdd,0.83,2021-06-27 14:11:34,14.94
407,0x77f41d8a529fc1f77bf32992c9d98ca666bb053f,Legendary,121654_0x77f41d8a529fc1f77bf32992c9d98ca666bb053f_1624791581,121654,1,0x300010ded7b789ab5764bb52dde82edd6d29908d,4.3,2021-06-27 10:59:41,4.3
408,0x1a8d886d3a4a2d2aeb817ebb781f0683351538b1,Common,121673_0x1a8d886d3a4a2d2aeb817ebb781f0683351538b1_1624789665,121673,25,0x7742d70cb3ae62e4d7958c5eaf6c0a45cdc9ca9e,0.06,2021-06-27 10:27:45,1.5
409,0x137c0f7d6b2558edf5b8f69eec0635dd43fad6af,Godlike,121597_0x137c0f7d6b2558edf5b8f69eec0635dd43fad6af_1624788549,121597,5,0x60ed33735c9c29ec2c26b8ec734e36d5b6fa1eab,89.0,2021-06-27 10:09:09,445.0
410,0x7b7e48d474b97fce99bf5c268707b0e4d30af92c,Mythical,121031_0x7b7e48d474b97fce99bf5c268707b0e4d30af92c_1624784005,121031,1,0x262944448ec574dd5f82136964bbf189cc1ab579,19.0,2021-06-27 08:53:25,19.0
411,0x7b7e48d474b97fce99bf5c268707b0e4d30af92c,Mythical,121068_0x7b7e48d474b97fce99bf5c268707b0e4d30af92c_1624783915,121068,1,0x3aabc694608eddc24cc93abad0998171c8d4b8e5,18.9,2021-06-27 08:51:55,18.9
412,0x7b7e48d474b97fce99bf5c268707b0e4d30af92c,Mythical,107841_0x7b7e48d474b97fce99bf5c268707b0e4d30af92c_1624783853,107841,1,0x216c08ab43c4ada0456ce69ee2d1bd95b0aec332,18.88,2021-06-27 08:50:53,18.88
413,0x1a8d886d3a4a2d2aeb817ebb781f0683351538b1,Mythical,121656_0x1a8d886d3a4a2d2aeb817ebb781f0683351538b1_1624780187,121656,1,0xb93e7734d868b7f06078f500b6c1ee4c427950c7,15.0,2021-06-27 07:49:47,15.0
414,0xc926a555a098ee1b838b9674ff2a0580b999bf0c,Legendary,121551_0xc926a555a098ee1b838b9674ff2a0580b999bf0c_1624779627,121551,1,0x68a173eb938fcfe323e47947fd29877e5b318b60,4.3,2021-06-27 07:40:27,4.3
415,0xc926a555a098ee1b838b9674ff2a0580b999bf0c,Legendary,121642_0xc926a555a098ee1b838b9674ff2a0580b999bf0c_1624779571,121642,1,0x116652732b19f7db6ee3b1d3075e87400ebd981d,4.3,2021-06-27 07:39:31,4.3
416,0xc926a555a098ee1b838b9674ff2a0580b999bf0c,Legendary,121532_0xc926a555a098ee1b838b9674ff2a0580b999bf0c_1624779479,121532,2,0x783dca6f7b25e155123a5ea77ff2f7dd1deeef85,4.2,2021-06-27 07:37:59,8.4
417,0xc926a555a098ee1b838b9674ff2a0580b999bf0c,Legendary,121612_0xc926a555a098ee1b838b9674ff2a0580b999bf0c_1624779423,121612,3,0xb72ed8401892466ea8af528c1af1d0524bc5e105,4.1,2021-06-27 07:37:03,12.299999999999999
418,0x1a8d886d3a4a2d2aeb817ebb781f0683351538b1,Mythical,121646_0x1a8d886d3a4a2d2aeb817ebb781f0683351538b1_1624777485,121646,2,0xaede4bf4ca6b456cc23a18bf01acf66ce678d4db,15.0,2021-06-27 07:04:45,30.0
419,0xe88632728ed377f556cb964e6f670f6017d497e4,Common,121619_0xe88632728ed377f556cb964e6f670f6017d497e4_1624773631,121619,67,0x826088b7174bd1f07becf359025fa751e6ac11cb,0.079,2021-06-27 06:00:31,5.293
420,0x5ce676b01adf27de6b7637b6dee71f01a109a198,Mythical,121564_0x5ce676b01adf27de6b7637b6dee71f01a109a198_1624766375,121564,1,0xaba3abe71987030782b3312f23ca0f199791a748,17.7,2021-06-27 03:59:35,17.7
421,0x5ce676b01adf27de6b7637b6dee71f01a109a198,Mythical,121583_0x5ce676b01adf27de6b7637b6dee71f01a109a198_1624766349,121583,1,0x37e4bac8ab9433acca9b62dfed849600fda5eaf0,17.5,2021-06-27 03:59:09,17.5
422,0x23466529edf78b42b291166543100ceef2b1f38b,Common,121584_0x23466529edf78b42b291166543100ceef2b1f38b_1624758155,121584,2,0xa23b4bc39070fdb30779f3e587b720fefef328ec,0.083,2021-06-27 01:42:35,0.166
423,0x23466529edf78b42b291166543100ceef2b1f38b,Common,121584_0x23466529edf78b42b291166543100ceef2b1f38b_1624758079,121584,2,0xa23b4bc39070fdb30779f3e587b720fefef328ec,0.083,2021-06-27 01:41:19,0.166
424,0x2213aba7232bfd36586b0f4f61c977d95ebd3d94,Uncommon,120958_0x2213aba7232bfd36586b0f4f61c977d95ebd3d94_1624756137,120958,1,0x43e24bd6e48a9a7a8d3c12844bba2acf255f6951,0.48,2021-06-27 01:08:57,0.48
425,0x99f63103c109dbce7a45e111da8cf2c8c86cf6c1,Uncommon,121544_0x99f63103c109dbce7a45e111da8cf2c8c86cf6c1_1624751199,121544,100,0x03b16ab6e23bdbeeab719d8e4c49d63674876253,0.45,2021-06-26 23:46:39,45.0
426,0xe88632728ed377f556cb964e6f670f6017d497e4,Mythical,121590_0xe88632728ed377f556cb964e6f670f6017d497e4_1624748129,121590,3,0x9e52b3d35ea84429c23bf7d221f778f85c4bcde8,16.5,2021-06-26 22:55:29,49.5
427,0xc0f030eac8b588817f8da16b9a2cdccc6451b25c,Legendary,121503_0xc0f030eac8b588817f8da16b9a2cdccc6451b25c_1624747285,121503,14,0x03b16ab6e23bdbeeab719d8e4c49d63674876253,4.2,2021-06-26 22:41:25,58.800000000000004
428,0xc0f030eac8b588817f8da16b9a2cdccc6451b25c,Godlike,121566_0xc0f030eac8b588817f8da16b9a2cdccc6451b25c_1624747203,121566,1,0xcc84cc9462e4f1f45597c584123ee31cd7e5864b,91.0,2021-06-26 22:40:03,91.0
429,0x2b29518e5ac3eda4cfc138facd6f023bffc5d65a,Legendary,121579_0x2b29518e5ac3eda4cfc138facd6f023bffc5d65a_1624741109,121579,1,0xdac12b6ddbf055ee542f0ed460a32d1e9f361ca4,3.9,2021-06-26 20:58:29,3.9
430,0x1a8d886d3a4a2d2aeb817ebb781f0683351538b1,Mythical,121576_0x1a8d886d3a4a2d2aeb817ebb781f0683351538b1_1624740849,121576,1,0xad1a59795379d7542d2e799196804a100f08b6a9,16.5,2021-06-26 20:54:09,16.5
431,0xbb24d282b6d733b9b575fbecf42c730333869ccd,Legendary,121551_0xbb24d282b6d733b9b575fbecf42c730333869ccd_1624730764,121551,1,0x68a173eb938fcfe323e47947fd29877e5b318b60,4.3,2021-06-26 18:06:04,4.3
432,0x21f55428206a330842faf494bcc866e3984624c9,Legendary,121503_0x21f55428206a330842faf494bcc866e3984624c9_1624727364,121503,1,0x03b16ab6e23bdbeeab719d8e4c49d63674876253,4.2,2021-06-26 17:09:24,4.2
433,0x1a8d886d3a4a2d2aeb817ebb781f0683351538b1,Godlike,121549_0x1a8d886d3a4a2d2aeb817ebb781f0683351538b1_1624726496,121549,1,0xbec2a2bef3566474975efa9a9c6455840dc0a2c5,70.0,2021-06-26 16:54:56,70.0
434,0x2b29518e5ac3eda4cfc138facd6f023bffc5d65a,Godlike,121547_0x2b29518e5ac3eda4cfc138facd6f023bffc5d65a_1624726064,121547,1,0xbec2a2bef3566474975efa9a9c6455840dc0a2c5,70.0,2021-06-26 16:47:44,70.0
435,0xdf14100b76a5b5fd46fba22b7ac124919cffc92a,Legendary,121503_0xdf14100b76a5b5fd46fba22b7ac124919cffc92a_1624725734,121503,5,0x03b16ab6e23bdbeeab719d8e4c49d63674876253,4.2,2021-06-26 16:42:14,21.0
436,0xc0f030eac8b588817f8da16b9a2cdccc6451b25c,Mythical,121533_0xc0f030eac8b588817f8da16b9a2cdccc6451b25c_1624721810,121533,1,0x783dca6f7b25e155123a5ea77ff2f7dd1deeef85,17.5,2021-06-26 15:36:50,17.5
437,0xc0f030eac8b588817f8da16b9a2cdccc6451b25c,Common,121454_0xc0f030eac8b588817f8da16b9a2cdccc6451b25c_1624721630,121454,7,0x826088b7174bd1f07becf359025fa751e6ac11cb,0.085,2021-06-26 15:33:50,0.5950000000000001
438,0x1a8d886d3a4a2d2aeb817ebb781f0683351538b1,Legendary,121540_0x1a8d886d3a4a2d2aeb817ebb781f0683351538b1_1624721476,121540,1,0x116652732b19f7db6ee3b1d3075e87400ebd981d,4.0,2021-06-26 15:31:16,4.0
439,0x1a8d886d3a4a2d2aeb817ebb781f0683351538b1,Legendary,121530_0x1a8d886d3a4a2d2aeb817ebb781f0683351538b1_1624717748,121530,2,0x1c1538ed4bd82d76dc5f240ebafc02b00cbb823d,4.1,2021-06-26 14:29:08,8.2
440,0x1a8d886d3a4a2d2aeb817ebb781f0683351538b1,Common,121529_0x1a8d886d3a4a2d2aeb817ebb781f0683351538b1_1624717734,121529,50,0xe49e3bccd8ddfe3d1d70bcc2512fb20ed9d63172,0.08,2021-06-26 14:28:54,4.0
441,0x2b29518e5ac3eda4cfc138facd6f023bffc5d65a,Legendary,121527_0x2b29518e5ac3eda4cfc138facd6f023bffc5d65a_1624715740,121527,4,0xb72ed8401892466ea8af528c1af1d0524bc5e105,4.0,2021-06-26 13:55:40,16.0
442,0x1a8d886d3a4a2d2aeb817ebb781f0683351538b1,Mythical,121525_0x1a8d886d3a4a2d2aeb817ebb781f0683351538b1_1624714798,121525,2,0x67c2ffa74252ee2b2fb63bb754fc050db28f767e,16.5,2021-06-26 13:39:58,33.0
443,0xcfdd1871c4f267fae9db9e7c84a82f99d2d959b4,Common,121450_0xcfdd1871c4f267fae9db9e7c84a82f99d2d959b4_1624713304,121450,145,0x0b31e9737fee75157a9aa775e35a43dec1dc2059,0.09,2021-06-26 13:15:04,13.049999999999999
444,0xcfdd1871c4f267fae9db9e7c84a82f99d2d959b4,Uncommon,120956_0xcfdd1871c4f267fae9db9e7c84a82f99d2d959b4_1624713252,120956,50,0xcc84cc9462e4f1f45597c584123ee31cd7e5864b,0.49,2021-06-26 13:14:12,24.5
445,0xcfdd1871c4f267fae9db9e7c84a82f99d2d959b4,Uncommon,121505_0xcfdd1871c4f267fae9db9e7c84a82f99d2d959b4_1624713228,121505,100,0x03b16ab6e23bdbeeab719d8e4c49d63674876253,0.45,2021-06-26 13:13:48,45.0
446,0x2b29518e5ac3eda4cfc138facd6f023bffc5d65a,Mythical,121518_0x2b29518e5ac3eda4cfc138facd6f023bffc5d65a_1624713120,121518,1,0x80039dc3d5bb48ec4bd822c4e8828574fdcc51a6,16.66,2021-06-26 13:12:00,16.66
447,0x1a8d886d3a4a2d2aeb817ebb781f0683351538b1,Legendary,121510_0x1a8d886d3a4a2d2aeb817ebb781f0683351538b1_1624711181,121510,2,0x2c6b5036f61047e0ab0e858f45767f14ad24f07a,4.0,2021-06-26 12:39:41,8.0
448,0xe88632728ed377f556cb964e6f670f6017d497e4,Rare,121504_0xe88632728ed377f556cb964e6f670f6017d497e4_1624705273,121504,25,0x03b16ab6e23bdbeeab719d8e4c49d63674876253,0.84,2021-06-26 11:01:13,21.0
449,0x2b29518e5ac3eda4cfc138facd6f023bffc5d65a,Mythical,121489_0x2b29518e5ac3eda4cfc138facd6f023bffc5d65a_1624694296,121489,1,0xc38e60cd600aeb815dd3b5f4c1c545a0d3321444,17.0,2021-06-26 07:58:16,17.0
450,0x1a8d886d3a4a2d2aeb817ebb781f0683351538b1,Uncommon,121486_0x1a8d886d3a4a2d2aeb817ebb781f0683351538b1_1624691654,121486,11,0x6c6b7bd85ef4dd5ce57700bf2fe7dc9c21ac04fb,0.4,2021-06-26 07:14:14,4.4
451,0xbd6f5bdc401ab1ca811e40755f4a2ddad75ce2cc,Rare,95977_0xbd6f5bdc401ab1ca811e40755f4a2ddad75ce2cc_1624691566,95977,106,0x62d6158cd6a0ec39ceb174ae54a9976f6363ba5c,0.888,2021-06-26 07:12:46,94.128
452,0xe88632728ed377f556cb964e6f670f6017d497e4,Common,121454_0xe88632728ed377f556cb964e6f670f6017d497e4_1624691056,121454,58,0x826088b7174bd1f07becf359025fa751e6ac11cb,0.085,2021-06-26 07:04:16,4.930000000000001
453,0xe88632728ed377f556cb964e6f670f6017d497e4,Rare,121386_0xe88632728ed377f556cb964e6f670f6017d497e4_1624690932,121386,2,0x830437c8d234c61ae6bffbc11f2b885e6e934554,0.849,2021-06-26 07:02:12,1.698
454,0xe88632728ed377f556cb964e6f670f6017d497e4,Rare,121443_0xe88632728ed377f556cb964e6f670f6017d497e4_1624690914,121443,5,0x3238934316238ebbda1ffb229ec9a37bf66c5564,0.8489,2021-06-26 07:01:54,4.2445
455,0x1a8d886d3a4a2d2aeb817ebb781f0683351538b1,Mythical,121478_0x1a8d886d3a4a2d2aeb817ebb781f0683351538b1_1624690206,121478,1,0x80039dc3d5bb48ec4bd822c4e8828574fdcc51a6,15.99,2021-06-26 06:50:06,15.99
456,0xe88632728ed377f556cb964e6f670f6017d497e4,Rare,121449_0xe88632728ed377f556cb964e6f670f6017d497e4_1624690206,121449,3,0xf8dead4d72d458b22b76c8b536c3e7b22e91c0d8,0.84,2021-06-26 06:50:06,2.52
457,0x1ed8cfa507e9dbc22f2d773e25c702b0b652303f,Legendary,121467_0x1ed8cfa507e9dbc22f2d773e25c702b0b652303f_1624688426,121467,1,0x300010ded7b789ab5764bb52dde82edd6d29908d,4.4,2021-06-26 06:20:26,4.4
458,0x6a78a2a786b74704c94d0a6245f2233f70d22161,Uncommon,121054_0x6a78a2a786b74704c94d0a6245f2233f70d22161_1624688354,121054,6,0xc6641daf8c5896dc75a6aa845dc3717a738c02d7,0.46,2021-06-26 06:19:14,2.7600000000000002
459,0x1a8d886d3a4a2d2aeb817ebb781f0683351538b1,Mythical,121469_0x1a8d886d3a4a2d2aeb817ebb781f0683351538b1_1624688294,121469,1,0xfd05831e8164de31da2d8df7a77941cf7bebe1f3,16.0,2021-06-26 06:18:14,16.0
460,0x1ed8cfa507e9dbc22f2d773e25c702b0b652303f,Legendary,121467_0x1ed8cfa507e9dbc22f2d773e25c702b0b652303f_1624688270,121467,1,0x300010ded7b789ab5764bb52dde82edd6d29908d,4.4,2021-06-26 06:17:50,4.4
461,0x64cd160801f6c393e12498084d36e7acabf25091,Uncommon,121054_0x64cd160801f6c393e12498084d36e7acabf25091_1624687520,121054,1,0xc6641daf8c5896dc75a6aa845dc3717a738c02d7,0.46,2021-06-26 06:05:20,0.46
462,0x1a8d886d3a4a2d2aeb817ebb781f0683351538b1,Mythical,121440_0x1a8d886d3a4a2d2aeb817ebb781f0683351538b1_1624685473,121440,1,0xaede4bf4ca6b456cc23a18bf01acf66ce678d4db,16.0,2021-06-26 05:31:13,16.0
463,0xf8dead4d72d458b22b76c8b536c3e7b22e91c0d8,Legendary,121164_0xf8dead4d72d458b22b76c8b536c3e7b22e91c0d8_1624676661,121164,2,0x027b6146248b3a7648e7c7e243bd01e1704bc3ca,4.4,2021-06-26 03:04:21,8.8
464,0xf8dead4d72d458b22b76c8b536c3e7b22e91c0d8,Legendary,121405_0xf8dead4d72d458b22b76c8b536c3e7b22e91c0d8_1624676649,121405,1,0x116652732b19f7db6ee3b1d3075e87400ebd981d,4.4,2021-06-26 03:04:09,4.4
465,0xf8dead4d72d458b22b76c8b536c3e7b22e91c0d8,Legendary,121164_0xf8dead4d72d458b22b76c8b536c3e7b22e91c0d8_1624676625,121164,1,0x027b6146248b3a7648e7c7e243bd01e1704bc3ca,4.4,2021-06-26 03:03:45,4.4
466,0xf8dead4d72d458b22b76c8b536c3e7b22e91c0d8,Legendary,121415_0xf8dead4d72d458b22b76c8b536c3e7b22e91c0d8_1624676593,121415,1,0x783dca6f7b25e155123a5ea77ff2f7dd1deeef85,4.25,2021-06-26 03:03:13,4.25
467,0xc8b675d5fb5643ae282b944ddf69ad1b85e0b16c,Rare,121441_0xc8b675d5fb5643ae282b944ddf69ad1b85e0b16c_1624672401,121441,6,0xaede4bf4ca6b456cc23a18bf01acf66ce678d4db,0.6,2021-06-26 01:53:21,3.5999999999999996
468,0x1a8d886d3a4a2d2aeb817ebb781f0683351538b1,Legendary,121429_0x1a8d886d3a4a2d2aeb817ebb781f0683351538b1_1624665432,121429,5,0xb72ed8401892466ea8af528c1af1d0524bc5e105,4.15,2021-06-25 23:57:12,20.75
469,0x53a11d373d88dc4b49c9f66c367b3c545b119dd7,Common,121020_0x53a11d373d88dc4b49c9f66c367b3c545b119dd7_1624659956,121020,1,0x3238934316238ebbda1ffb229ec9a37bf66c5564,0.0969,2021-06-25 22:25:56,0.0969
470,0xe5f6dbc39334f3e79c149efb8c8c9c8dec474af1,Mythical,121404_0xe5f6dbc39334f3e79c149efb8c8c9c8dec474af1_1624647569,121404,1,0x822421a748085d025614540449e506bde6507f9b,17.9,2021-06-25 18:59:29,17.9
471,0x770aaa6828e3659f2d12d6b8ca999d34344385e8,Common,121153_0x770aaa6828e3659f2d12d6b8ca999d34344385e8_1624638232,121153,94,0x43e24bd6e48a9a7a8d3c12844bba2acf255f6951,0.08,2021-06-25 16:23:52,7.5200000000000005
472,0x36f26e2e5bed062968c17fc770863fd740713205,Mythical,121377_0x36f26e2e5bed062968c17fc770863fd740713205_1624636987,121377,1,0xd31bac2ee675cf904a68da14ba80efb9b405a4f5,18.8,2021-06-25 16:03:07,18.8
473,0x36f26e2e5bed062968c17fc770863fd740713205,Godlike,121045_0x36f26e2e5bed062968c17fc770863fd740713205_1624636959,121045,1,0x68e2f35c9a73f845843922637de4944c4cb4e459,94.0,2021-06-25 16:02:39,94.0
474,0xbd6f5bdc401ab1ca811e40755f4a2ddad75ce2cc,Common,121153_0xbd6f5bdc401ab1ca811e40755f4a2ddad75ce2cc_1624636085,121153,872,0x43e24bd6e48a9a7a8d3c12844bba2acf255f6951,0.08,2021-06-25 15:48:05,69.76
475,0xbd6f5bdc401ab1ca811e40755f4a2ddad75ce2cc,Common,121230_0xbd6f5bdc401ab1ca811e40755f4a2ddad75ce2cc_1624636071,121230,128,0x826088b7174bd1f07becf359025fa751e6ac11cb,0.077,2021-06-25 15:47:51,9.856
476,0xbd6f5bdc401ab1ca811e40755f4a2ddad75ce2cc,Uncommon,121067_0xbd6f5bdc401ab1ca811e40755f4a2ddad75ce2cc_1624636003,121067,4,0x3aabc694608eddc24cc93abad0998171c8d4b8e5,0.41,2021-06-25 15:46:43,1.64
477,0xbd6f5bdc401ab1ca811e40755f4a2ddad75ce2cc,Rare,121149_0xbd6f5bdc401ab1ca811e40755f4a2ddad75ce2cc_1624635949,121149,2,0x5b2d192182cc6e39b047880995b67e179b89f63e,0.849,2021-06-25 15:45:49,1.698
478,0xbd6f5bdc401ab1ca811e40755f4a2ddad75ce2cc,Rare,121100_0xbd6f5bdc401ab1ca811e40755f4a2ddad75ce2cc_1624635947,121100,3,0x701e5301a85e77bed1b87568a15720d775aa51dc,0.85,2021-06-25 15:45:47,2.55
479,0xbd6f5bdc401ab1ca811e40755f4a2ddad75ce2cc,Rare,121089_0xbd6f5bdc401ab1ca811e40755f4a2ddad75ce2cc_1624635939,121089,3,0x837aab83cb706a35ab4c3624e6723aa7632b3a2a,0.855,2021-06-25 15:45:39,2.565
480,0xbd6f5bdc401ab1ca811e40755f4a2ddad75ce2cc,Rare,121066_0xbd6f5bdc401ab1ca811e40755f4a2ddad75ce2cc_1624635933,121066,52,0xcc84cc9462e4f1f45597c584123ee31cd7e5864b,0.866,2021-06-25 15:45:33,45.032
481,0xbd6f5bdc401ab1ca811e40755f4a2ddad75ce2cc,Rare,121255_0xbd6f5bdc401ab1ca811e40755f4a2ddad75ce2cc_1624635897,121255,40,0x027b6146248b3a7648e7c7e243bd01e1704bc3ca,0.84,2021-06-25 15:44:57,33.6
482,0xbd6f5bdc401ab1ca811e40755f4a2ddad75ce2cc,Rare,121315_0xbd6f5bdc401ab1ca811e40755f4a2ddad75ce2cc_1624635887,121315,4,0x0bb75bef057da63a0ae4b25fe9adafd35cd92b87,0.8,2021-06-25 15:44:47,3.2
483,0xbd6f5bdc401ab1ca811e40755f4a2ddad75ce2cc,Rare,121305_0xbd6f5bdc401ab1ca811e40755f4a2ddad75ce2cc_1624635881,121305,10,0xd152724870ca5a32b0170bf561b97cda95fd4c6f,0.8,2021-06-25 15:44:41,8.0
484,0xbd6f5bdc401ab1ca811e40755f4a2ddad75ce2cc,Legendary,121164_0xbd6f5bdc401ab1ca811e40755f4a2ddad75ce2cc_1624635805,121164,1,0x027b6146248b3a7648e7c7e243bd01e1704bc3ca,4.4,2021-06-25 15:43:25,4.4
485,0xbd6f5bdc401ab1ca811e40755f4a2ddad75ce2cc,Legendary,121102_0xbd6f5bdc401ab1ca811e40755f4a2ddad75ce2cc_1624635803,121102,1,0x2b77528c7b94349dd3616f404bc4fce219c0ff76,4.3,2021-06-25 15:43:23,4.3
486,0xbd6f5bdc401ab1ca811e40755f4a2ddad75ce2cc,Legendary,121099_0xbd6f5bdc401ab1ca811e40755f4a2ddad75ce2cc_1624635797,121099,1,0x701e5301a85e77bed1b87568a15720d775aa51dc,4.23,2021-06-25 15:43:17,4.23
487,0xbd6f5bdc401ab1ca811e40755f4a2ddad75ce2cc,Godlike,121338_0xbd6f5bdc401ab1ca811e40755f4a2ddad75ce2cc_1624635671,121338,1,0x1a8d886d3a4a2d2aeb817ebb781f0683351538b1,84.988,2021-06-25 15:41:11,84.988
488,0xbd6f5bdc401ab1ca811e40755f4a2ddad75ce2cc,Godlike,121104_0xbd6f5bdc401ab1ca811e40755f4a2ddad75ce2cc_1624635465,121104,1,0x43e24bd6e48a9a7a8d3c12844bba2acf255f6951,85.0,2021-06-25 15:37:45,85.0
489,0xbd6f5bdc401ab1ca811e40755f4a2ddad75ce2cc,Godlike,121338_0xbd6f5bdc401ab1ca811e40755f4a2ddad75ce2cc_1624635461,121338,1,0x1a8d886d3a4a2d2aeb817ebb781f0683351538b1,84.988,2021-06-25 15:37:41,84.988
490,0xbd6f5bdc401ab1ca811e40755f4a2ddad75ce2cc,Godlike,121088_0xbd6f5bdc401ab1ca811e40755f4a2ddad75ce2cc_1624635421,121088,1,0x03b16ab6e23bdbeeab719d8e4c49d63674876253,88.0,2021-06-25 15:37:01,88.0
491,0xbd6f5bdc401ab1ca811e40755f4a2ddad75ce2cc,Godlike,121104_0xbd6f5bdc401ab1ca811e40755f4a2ddad75ce2cc_1624635413,121104,1,0x43e24bd6e48a9a7a8d3c12844bba2acf255f6951,85.0,2021-06-25 15:36:53,85.0
492,0xbd6f5bdc401ab1ca811e40755f4a2ddad75ce2cc,Godlike,121338_0xbd6f5bdc401ab1ca811e40755f4a2ddad75ce2cc_1624635409,121338,1,0x1a8d886d3a4a2d2aeb817ebb781f0683351538b1,84.988,2021-06-25 15:36:49,84.988
493,0xbd6f5bdc401ab1ca811e40755f4a2ddad75ce2cc,Godlike,121051_0xbd6f5bdc401ab1ca811e40755f4a2ddad75ce2cc_1624635395,121051,1,0x26921a182cf9d6f33730d7f37e1a86fd430863af,90.0,2021-06-25 15:36:35,90.0
494,0xbd6f5bdc401ab1ca811e40755f4a2ddad75ce2cc,Godlike,121210_0xbd6f5bdc401ab1ca811e40755f4a2ddad75ce2cc_1624635371,121210,1,0x636db7553dfb9c87dce1a5edf117edcaff1b650a,85.0,2021-06-25 15:36:11,85.0
495,0xbd6f5bdc401ab1ca811e40755f4a2ddad75ce2cc,Godlike,121104_0xbd6f5bdc401ab1ca811e40755f4a2ddad75ce2cc_1624635365,121104,1,0x43e24bd6e48a9a7a8d3c12844bba2acf255f6951,85.0,2021-06-25 15:36:05,85.0
496,0xbd6f5bdc401ab1ca811e40755f4a2ddad75ce2cc,Godlike,121338_0xbd6f5bdc401ab1ca811e40755f4a2ddad75ce2cc_1624635359,121338,1,0x1a8d886d3a4a2d2aeb817ebb781f0683351538b1,84.988,2021-06-25 15:35:59,84.988
497,0xbd6f5bdc401ab1ca811e40755f4a2ddad75ce2cc,Godlike,121257_0xbd6f5bdc401ab1ca811e40755f4a2ddad75ce2cc_1624635355,121257,1,0xcc84cc9462e4f1f45597c584123ee31cd7e5864b,84.0,2021-06-25 15:35:55,84.0
498,0xbd6f5bdc401ab1ca811e40755f4a2ddad75ce2cc,Mythical,121022_0xbd6f5bdc401ab1ca811e40755f4a2ddad75ce2cc_1624635277,121022,2,0x26cf02f892b04af4cf350539ce2c77fcf79ec172,18.0,2021-06-25 15:34:37,36.0
499,0xbd6f5bdc401ab1ca811e40755f4a2ddad75ce2cc,Mythical,121316_0xbd6f5bdc401ab1ca811e40755f4a2ddad75ce2cc_1624635253,121316,1,0x6537d728d0ea121b2a7ffd6de43eacceb7cd21f3,17.2,2021-06-25 15:34:13,17.2
