,Buyer,Type,id,Listing,Quantity,Seller,Price per Ticket (GHST),Date,Total Purchase (GHST)
<<<<<<< HEAD
0,0xee63d9ca6ecaa334ba0c3311b3dbd5de0132ba4c,Drop,150270_0xee63d9ca6ecaa334ba0c3311b3dbd5de0132ba4c_1629901430,150270,1,0x151eaaa48bbd08b7cc37b52216cf54f54c41b24b,12.0,2021-08-25 14:23:50,12.0
1,0xee63d9ca6ecaa334ba0c3311b3dbd5de0132ba4c,Mythical,150289_0xee63d9ca6ecaa334ba0c3311b3dbd5de0132ba4c_1629901378,150289,4,0x9deb222574963af172b8d0ab76ef47c26128f8a2,12.0,2021-08-25 14:22:58,48.0
2,0xee63d9ca6ecaa334ba0c3311b3dbd5de0132ba4c,Drop,150306_0xee63d9ca6ecaa334ba0c3311b3dbd5de0132ba4c_1629901330,150306,4,0x28d1d4efb873764c36ed2be7eb26910d0ca7e9b5,12.0,2021-08-25 14:22:10,48.0
3,0xee63d9ca6ecaa334ba0c3311b3dbd5de0132ba4c,Legendary,150312_0xee63d9ca6ecaa334ba0c3311b3dbd5de0132ba4c_1629901234,150312,6,0xb72ed8401892466ea8af528c1af1d0524bc5e105,2.97,2021-08-25 14:20:34,17.82
4,0xee63d9ca6ecaa334ba0c3311b3dbd5de0132ba4c,Mythical,150307_0xee63d9ca6ecaa334ba0c3311b3dbd5de0132ba4c_1629901171,150307,2,0x8b8b67cd569882e9f200a58e875802e5017d88c0,12.0,2021-08-25 14:19:31,24.0
5,0xc0719b1040f7f8e904a6509f99335656c1d881ed,Drop,149490_0xc0719b1040f7f8e904a6509f99335656c1d881ed_1629901107,149490,5,0x847a157305b1aaa7fece57c6845d678c5eacbed3,12.25,2021-08-25 14:18:27,61.25
6,0xc0719b1040f7f8e904a6509f99335656c1d881ed,Drop,150302_0xc0719b1040f7f8e904a6509f99335656c1d881ed_1629900983,150302,5,0x3a45e2f5ab0218d7c35aec963fca64de03934057,11.8,2021-08-25 14:16:23,59.0
7,0xaf8135a4f857821c66d82b20e072b37dba18a8fb,Legendary,150273_0xaf8135a4f857821c66d82b20e072b37dba18a8fb_1629899409,150273,1,0xb9801179368231ca11b1f93acb5395c2bcd31998,2.99,2021-08-25 13:50:09,2.99
8,0xf10d3079fbcfd7c6fd1b5c4807e089e5cc41b71b,Drop,150308_0xf10d3079fbcfd7c6fd1b5c4807e089e5cc41b71b_1629898939,150308,10,0x26d39fc7341567c8b0bb96382fc54f367f4298ea,11.0,2021-08-25 13:42:19,110.0
9,0xf10d3079fbcfd7c6fd1b5c4807e089e5cc41b71b,Rare,150303_0xf10d3079fbcfd7c6fd1b5c4807e089e5cc41b71b_1629898061,150303,16,0xaede4bf4ca6b456cc23a18bf01acf66ce678d4db,0.5,2021-08-25 13:27:41,8.0
10,0xf10d3079fbcfd7c6fd1b5c4807e089e5cc41b71b,Legendary,150294_0xf10d3079fbcfd7c6fd1b5c4807e089e5cc41b71b_1629896365,150294,5,0x822421a748085d025614540449e506bde6507f9b,2.6,2021-08-25 12:59:25,13.0
11,0xfbf9f4db8db1386464aef8d09bccfc26979aff46,Drop,149454_0xfbf9f4db8db1386464aef8d09bccfc26979aff46_1629896291,149454,3,0xcbcdca647cfda9283992193604f8718a910b42fc,12.0,2021-08-25 12:58:11,36.0
12,0x0bcdc503f78bff5dc7b867c6740226d9621117b1,Drop,150266_0x0bcdc503f78bff5dc7b867c6740226d9621117b1_1629895676,150266,1,0xd653971fa19ef68bc80becb7720675307bfb3ee6,11.8,2021-08-25 12:47:56,11.8
13,0x0bcdc503f78bff5dc7b867c6740226d9621117b1,Drop,150271_0x0bcdc503f78bff5dc7b867c6740226d9621117b1_1629895644,150271,3,0x0099560ec05a765a6b95443d4039ce1daf24f805,11.7,2021-08-25 12:47:24,35.099999999999994
14,0x0bcdc503f78bff5dc7b867c6740226d9621117b1,Mythical,150280_0x0bcdc503f78bff5dc7b867c6740226d9621117b1_1629895564,150280,2,0xe4bcc055e55baf94d03379e9b231012b5e213fa9,12.3,2021-08-25 12:46:04,24.6
15,0x22886301cf7b3a7e3c275a4620add2b47e324062,Drop,150271_0x22886301cf7b3a7e3c275a4620add2b47e324062_1629895396,150271,1,0x0099560ec05a765a6b95443d4039ce1daf24f805,11.7,2021-08-25 12:43:16,11.7
16,0x99f63103c109dbce7a45e111da8cf2c8c86cf6c1,Mythical,150275_0x99f63103c109dbce7a45e111da8cf2c8c86cf6c1_1629895346,150275,3,0x830437c8d234c61ae6bffbc11f2b885e6e934554,12.4,2021-08-25 12:42:26,37.2
17,0x99f63103c109dbce7a45e111da8cf2c8c86cf6c1,Mythical,150277_0x99f63103c109dbce7a45e111da8cf2c8c86cf6c1_1629895332,150277,4,0xcc84cc9462e4f1f45597c584123ee31cd7e5864b,12.45,2021-08-25 12:42:12,49.8
18,0x99f63103c109dbce7a45e111da8cf2c8c86cf6c1,Mythical,150257_0x99f63103c109dbce7a45e111da8cf2c8c86cf6c1_1629895330,150257,10,0xfa7bd4b2b8ec60b35d881131f71d364a76cad888,12.5,2021-08-25 12:42:10,125.0
19,0x55f1b72d43d85931c58018fbd7bf9d9142443216,Drop,149454_0x55f1b72d43d85931c58018fbd7bf9d9142443216_1629892183,149454,6,0xcbcdca647cfda9283992193604f8718a910b42fc,12.0,2021-08-25 11:49:43,72.0
20,0x55f1b72d43d85931c58018fbd7bf9d9142443216,Drop,149479_0x55f1b72d43d85931c58018fbd7bf9d9142443216_1629892097,149479,17,0x7269cad927f2d98abfd06b0eb1da318525c6c304,12.0,2021-08-25 11:48:17,204.0
21,0x55f1b72d43d85931c58018fbd7bf9d9142443216,Drop,150260_0x55f1b72d43d85931c58018fbd7bf9d9142443216_1629891953,150260,2,0x0412f214fa215dda71e1184cad1652884e4b8c57,11.95,2021-08-25 11:45:53,23.9
22,0xee63d9ca6ecaa334ba0c3311b3dbd5de0132ba4c,Drop,150250_0xee63d9ca6ecaa334ba0c3311b3dbd5de0132ba4c_1629889786,150250,2,0xc98711a62a069675a27920af2f3287b19364f829,11.99,2021-08-25 11:09:46,23.98
23,0xee63d9ca6ecaa334ba0c3311b3dbd5de0132ba4c,Mythical,150249_0xee63d9ca6ecaa334ba0c3311b3dbd5de0132ba4c_1629889744,150249,5,0xc98711a62a069675a27920af2f3287b19364f829,12.1,2021-08-25 11:09:04,60.5
24,0xee63d9ca6ecaa334ba0c3311b3dbd5de0132ba4c,Legendary,150247_0xee63d9ca6ecaa334ba0c3311b3dbd5de0132ba4c_1629889638,150247,15,0xc98711a62a069675a27920af2f3287b19364f829,2.999,2021-08-25 11:07:18,44.985
25,0x5f2b6648a7b62bea1b4bc31edc318365fa7bb0ff,Legendary,149476_0x5f2b6648a7b62bea1b4bc31edc318365fa7bb0ff_1629889618,149476,6,0xf2df969f59b2c86e4b230da88918cdebcfc4ccbc,2.984,2021-08-25 11:06:58,17.904
26,0xee63d9ca6ecaa334ba0c3311b3dbd5de0132ba4c,Godlike,150245_0xee63d9ca6ecaa334ba0c3311b3dbd5de0132ba4c_1629889594,150245,1,0xfa7bd4b2b8ec60b35d881131f71d364a76cad888,60.0,2021-08-25 11:06:34,60.0
27,0xda1086a0cbe2d64c591b396954c794041fcaf3bd,Drop,150218_0xda1086a0cbe2d64c591b396954c794041fcaf3bd_1629888674,150218,7,0x026ad6ecd5124809d5f3b393f6a94ac195ca55b9,13.0,2021-08-25 10:51:14,91.0
28,0xda1086a0cbe2d64c591b396954c794041fcaf3bd,Drop,150240_0xda1086a0cbe2d64c591b396954c794041fcaf3bd_1629888666,150240,20,0x8f13acc4148f0c7a4c753daf2c1d3d87d38f4c6e,16.36,2021-08-25 10:51:06,327.2
29,0xee63d9ca6ecaa334ba0c3311b3dbd5de0132ba4c,Drop,150236_0xee63d9ca6ecaa334ba0c3311b3dbd5de0132ba4c_1629888394,150236,6,0x857d291aefe194a62df598a79bd9bfc2f1ad38a2,11.5,2021-08-25 10:46:34,69.0
30,0xee63d9ca6ecaa334ba0c3311b3dbd5de0132ba4c,Mythical,150237_0xee63d9ca6ecaa334ba0c3311b3dbd5de0132ba4c_1629888360,150237,1,0x1c1538ed4bd82d76dc5f240ebafc02b00cbb823d,12.0,2021-08-25 10:46:00,12.0
31,0x1a8d886d3a4a2d2aeb817ebb781f0683351538b1,Godlike,150228_0x1a8d886d3a4a2d2aeb817ebb781f0683351538b1_1629884456,150228,1,0xb9c6b0dd480ba66737f1a92e0b4bee405423f033,58.0,2021-08-25 09:40:56,58.0
32,0xee63d9ca6ecaa334ba0c3311b3dbd5de0132ba4c,Legendary,150214_0xee63d9ca6ecaa334ba0c3311b3dbd5de0132ba4c_1629883569,150214,3,0x931eb9d2e9b0e496aac1dcdf778399ad762e3739,2.97,2021-08-25 09:26:09,8.91
33,0xee63d9ca6ecaa334ba0c3311b3dbd5de0132ba4c,Drop,150208_0xee63d9ca6ecaa334ba0c3311b3dbd5de0132ba4c_1629882382,150208,4,0x760ba4580bbc2cdb1a71f9cbd896196e5d4afca3,12.0,2021-08-25 09:06:22,48.0
34,0xee63d9ca6ecaa334ba0c3311b3dbd5de0132ba4c,Drop,150208_0xee63d9ca6ecaa334ba0c3311b3dbd5de0132ba4c_1629882260,150208,6,0x760ba4580bbc2cdb1a71f9cbd896196e5d4afca3,12.0,2021-08-25 09:04:20,72.0
35,0xee63d9ca6ecaa334ba0c3311b3dbd5de0132ba4c,Drop,149479_0xee63d9ca6ecaa334ba0c3311b3dbd5de0132ba4c_1629882212,149479,25,0x7269cad927f2d98abfd06b0eb1da318525c6c304,12.0,2021-08-25 09:03:32,300.0
36,0x0bcdc503f78bff5dc7b867c6740226d9621117b1,Mythical,149311_0x0bcdc503f78bff5dc7b867c6740226d9621117b1_1629880487,149311,4,0xc80aa78dc2ad53a0db4653de027d15e5e3ea646a,12.0,2021-08-25 08:34:47,48.0
37,0x0bcdc503f78bff5dc7b867c6740226d9621117b1,Mythical,149030_0x0bcdc503f78bff5dc7b867c6740226d9621117b1_1629880414,149030,4,0xcba6c56f2ae7ada25a69a98252c064d4ea079d7f,12.0,2021-08-25 08:33:34,48.0
38,0x0bcdc503f78bff5dc7b867c6740226d9621117b1,Mythical,149477_0x0bcdc503f78bff5dc7b867c6740226d9621117b1_1629880062,149477,15,0xf2df969f59b2c86e4b230da88918cdebcfc4ccbc,11.984,2021-08-25 08:27:42,179.76
39,0xee63d9ca6ecaa334ba0c3311b3dbd5de0132ba4c,Drop,150192_0xee63d9ca6ecaa334ba0c3311b3dbd5de0132ba4c_1629879226,150192,1,0xfea1b063c239190ba2624044b3ef34750e72ffd4,11.98,2021-08-25 08:13:46,11.98
40,0xee63d9ca6ecaa334ba0c3311b3dbd5de0132ba4c,Mythical,150190_0xee63d9ca6ecaa334ba0c3311b3dbd5de0132ba4c_1629878321,150190,4,0x1ef32734c14753cb8d3294b30c996a5c5866f691,11.85,2021-08-25 07:58:41,47.4
41,0xa7073ca54734faba5afa5f1e01cd31a03ff7699f,Drop,150151_0xa7073ca54734faba5afa5f1e01cd31a03ff7699f_1629877713,150151,3,0x43f30e1a78bca912a0eeae12158c9af3f6000237,12.5,2021-08-25 07:48:33,37.5
42,0xee63d9ca6ecaa334ba0c3311b3dbd5de0132ba4c,Drop,150177_0xee63d9ca6ecaa334ba0c3311b3dbd5de0132ba4c_1629877245,150177,1,0x65f9deacd2eb34ea0e86be918f922ed5fcab75a0,11.99,2021-08-25 07:40:45,11.99
43,0xee63d9ca6ecaa334ba0c3311b3dbd5de0132ba4c,Mythical,150178_0xee63d9ca6ecaa334ba0c3311b3dbd5de0132ba4c_1629877209,150178,1,0xc5103c0a9e79c238e6db7b0eb8c22967723156e4,11.8,2021-08-25 07:40:09,11.8
44,0x65f9deacd2eb34ea0e86be918f922ed5fcab75a0,Drop,149299_0x65f9deacd2eb34ea0e86be918f922ed5fcab75a0_1629874900,149299,38,0xa72eb809bef34346b887430d970b264747a6315d,11.8,2021-08-25 07:01:40,448.40000000000003
45,0x65f9deacd2eb34ea0e86be918f922ed5fcab75a0,Drop,149299_0x65f9deacd2eb34ea0e86be918f922ed5fcab75a0_1629874848,149299,28,0xa72eb809bef34346b887430d970b264747a6315d,11.8,2021-08-25 07:00:48,330.40000000000003
46,0xee63d9ca6ecaa334ba0c3311b3dbd5de0132ba4c,Mythical,150164_0xee63d9ca6ecaa334ba0c3311b3dbd5de0132ba4c_1629874590,150164,3,0x830437c8d234c61ae6bffbc11f2b885e6e934554,11.97,2021-08-25 06:56:30,35.910000000000004
47,0xee63d9ca6ecaa334ba0c3311b3dbd5de0132ba4c,Legendary,150161_0xee63d9ca6ecaa334ba0c3311b3dbd5de0132ba4c_1629873827,150161,1,0xd31394b20e694d30dbb391e3bc51953907a1f7e2,2.8,2021-08-25 06:43:47,2.8
48,0xfa610f8304909a90b1760cf8b50cc1fde6ea1f5c,Legendary,149851_0xfa610f8304909a90b1760cf8b50cc1fde6ea1f5c_1629871922,149851,6,0xf6cc3af141ab635d8068f60b6b9e5356cd489bda,3.2,2021-08-25 06:12:02,19.200000000000003
49,0xfa610f8304909a90b1760cf8b50cc1fde6ea1f5c,Drop,150125_0xfa610f8304909a90b1760cf8b50cc1fde6ea1f5c_1629871872,150125,1,0xbf7a6cacc4c07dafa188684559503df8841b7f00,14.6,2021-08-25 06:11:12,14.6
50,0xee63d9ca6ecaa334ba0c3311b3dbd5de0132ba4c,Mythical,150141_0xee63d9ca6ecaa334ba0c3311b3dbd5de0132ba4c_1629871278,150141,4,0x3bd5e344ac629c9f232f921bafdeeec312deac9b,12.2,2021-08-25 06:01:18,48.8
51,0xee63d9ca6ecaa334ba0c3311b3dbd5de0132ba4c,Common,150131_0xee63d9ca6ecaa334ba0c3311b3dbd5de0132ba4c_1629871198,150131,108,0x826088b7174bd1f07becf359025fa751e6ac11cb,0.06,2021-08-25 05:59:58,6.4799999999999995
52,0x03b16ab6e23bdbeeab719d8e4c49d63674876253,Drop,149299_0x03b16ab6e23bdbeeab719d8e4c49d63674876253_1629870297,149299,4,0xa72eb809bef34346b887430d970b264747a6315d,11.8,2021-08-25 05:44:57,47.2
53,0x03b16ab6e23bdbeeab719d8e4c49d63674876253,Drop,150138_0x03b16ab6e23bdbeeab719d8e4c49d63674876253_1629870275,150138,1,0x44a496a49f7e3bedf40e5095c26d429b3a75c1f8,11.5,2021-08-25 05:44:35,11.5
54,0x9ff84b91998df96a6587db8dde8d4e47518107d6,Drop,149465_0x9ff84b91998df96a6587db8dde8d4e47518107d6_1629869088,149465,1,0x44a496a49f7e3bedf40e5095c26d429b3a75c1f8,11.5,2021-08-25 05:24:48,11.5
55,0xee63d9ca6ecaa334ba0c3311b3dbd5de0132ba4c,Drop,150127_0xee63d9ca6ecaa334ba0c3311b3dbd5de0132ba4c_1629868510,150127,28,0x04d9f6ecd792e48a09fa5dc2138baed8e628a7e5,11.0,2021-08-25 05:15:10,308.0
56,0xee63d9ca6ecaa334ba0c3311b3dbd5de0132ba4c,Rare,150116_0xee63d9ca6ecaa334ba0c3311b3dbd5de0132ba4c_1629867581,150116,4,0x9f23007d231f80be8e8946139f06b9feaaac4944,0.6,2021-08-25 04:59:41,2.4
57,0xee63d9ca6ecaa334ba0c3311b3dbd5de0132ba4c,Legendary,150115_0xee63d9ca6ecaa334ba0c3311b3dbd5de0132ba4c_1629867503,150115,1,0xbf406353b1cf18819540cc2bcc26f02b26e8019e,2.999,2021-08-25 04:58:23,2.999
58,0xee63d9ca6ecaa334ba0c3311b3dbd5de0132ba4c,Mythical,150120_0xee63d9ca6ecaa334ba0c3311b3dbd5de0132ba4c_1629867471,150120,1,0x20e50a28bd4ac6ce1540ecab6ee9d446366c13f2,11.95,2021-08-25 04:57:51,11.95
59,0x53d3a17469221ed2ebc7c31c687be6b16676cd58,Legendary,149851_0x53d3a17469221ed2ebc7c31c687be6b16676cd58_1629865823,149851,1,0xf6cc3af141ab635d8068f60b6b9e5356cd489bda,3.2,2021-08-25 04:30:23,3.2
60,0x53d3a17469221ed2ebc7c31c687be6b16676cd58,Rare,149999_0x53d3a17469221ed2ebc7c31c687be6b16676cd58_1629865723,149999,1,0x4849726d23bf5fec06e97ed58b1684129b35c5ba,0.68,2021-08-25 04:28:43,0.68
61,0x26b350f462ae30ec1c48c36ba944ab66f06dafee,Drop,146614_0x26b350f462ae30ec1c48c36ba944ab66f06dafee_1629865717,146614,20,0xead5b7d86c681c036c59cd00a0390541061c69f2,13.5,2021-08-25 04:28:37,270.0
62,0x58babcd845405c1a4cb4f6f382954c87a2f0ad0f,Drop,150069_0x58babcd845405c1a4cb4f6f382954c87a2f0ad0f_1629864519,150069,6,0xbf7a6cacc4c07dafa188684559503df8841b7f00,12.8,2021-08-25 04:08:39,76.80000000000001
63,0x61477eaa5e33400acc353390ca001be0eb706eb4,Mythical,148445_0x61477eaa5e33400acc353390ca001be0eb706eb4_1629864349,148445,1,0xb4f8e35615c33a57a9df3f143e32912c93281088,13.3,2021-08-25 04:05:49,13.3
64,0x61477eaa5e33400acc353390ca001be0eb706eb4,Mythical,150093_0x61477eaa5e33400acc353390ca001be0eb706eb4_1629864033,150093,1,0xe20ee172c8702a1f7123e801c6637b9e97e9fb59,12.0,2021-08-25 04:00:33,12.0
65,0xffea5a2cfaf1aafbb87a1fe4eed5413da45c30a0,Rare,150073_0xffea5a2cfaf1aafbb87a1fe4eed5413da45c30a0_1629863969,150073,4,0xc6e34e7bee3c459c99412ece5ec409caf4c9a372,0.6,2021-08-25 03:59:29,2.4
66,0x27861e390d45715fb8c2498cb66800019cf2dbe5,Drop,150069_0x27861e390d45715fb8c2498cb66800019cf2dbe5_1629863817,150069,2,0xbf7a6cacc4c07dafa188684559503df8841b7f00,12.8,2021-08-25 03:56:57,25.6
67,0x27861e390d45715fb8c2498cb66800019cf2dbe5,Legendary,149851_0x27861e390d45715fb8c2498cb66800019cf2dbe5_1629863541,149851,10,0xf6cc3af141ab635d8068f60b6b9e5356cd489bda,3.2,2021-08-25 03:52:21,32.0
68,0x27861e390d45715fb8c2498cb66800019cf2dbe5,Legendary,150064_0x27861e390d45715fb8c2498cb66800019cf2dbe5_1629863353,150064,1,0x3238934316238ebbda1ffb229ec9a37bf66c5564,2.999,2021-08-25 03:49:13,2.999
69,0x7e4724c60718a9f87ce51bcf8812bf90d0b7b9db,Mythical,150084_0x7e4724c60718a9f87ce51bcf8812bf90d0b7b9db_1629862611,150084,16,0xe82c15d07ee5bc5274ccff897c91eb2ab1326d0d,11.5,2021-08-25 03:36:51,184.0
70,0x93e1ae554caf9dc8264debd8b66715111fb1cf6a,Drop,150069_0x93e1ae554caf9dc8264debd8b66715111fb1cf6a_1629862288,150069,1,0xbf7a6cacc4c07dafa188684559503df8841b7f00,12.8,2021-08-25 03:31:28,12.8
71,0x51f5a4ae44e90c1212c29927216296f29151f4d8,Drop,149737_0x51f5a4ae44e90c1212c29927216296f29151f4d8_1629861030,149737,40,0x72db34299d4bb489993a49822708ce692cca3eb2,13.4,2021-08-25 03:10:30,536.0
72,0xee63d9ca6ecaa334ba0c3311b3dbd5de0132ba4c,Godlike,150050_0xee63d9ca6ecaa334ba0c3311b3dbd5de0132ba4c_1629860446,150050,1,0xf2df969f59b2c86e4b230da88918cdebcfc4ccbc,59.75,2021-08-25 03:00:46,59.75
73,0xaed39f9013fe44deb694203d9d12ea4029edac49,Godlike,150013_0xaed39f9013fe44deb694203d9d12ea4029edac49_1629860304,150013,1,0xd544885634e782e1436bd0352044cb2fbf84122a,58.9,2021-08-25 02:58:24,58.9
74,0xaed39f9013fe44deb694203d9d12ea4029edac49,Drop,149737_0xaed39f9013fe44deb694203d9d12ea4029edac49_1629860304,149737,11,0x72db34299d4bb489993a49822708ce692cca3eb2,13.4,2021-08-25 02:58:24,147.4
75,0xee63d9ca6ecaa334ba0c3311b3dbd5de0132ba4c,Mythical,150044_0xee63d9ca6ecaa334ba0c3311b3dbd5de0132ba4c_1629860272,150044,1,0x830437c8d234c61ae6bffbc11f2b885e6e934554,12.0,2021-08-25 02:57:52,12.0
76,0xaed39f9013fe44deb694203d9d12ea4029edac49,Uncommon,132621_0xaed39f9013fe44deb694203d9d12ea4029edac49_1629860102,132621,65,0xcc84cc9462e4f1f45597c584123ee31cd7e5864b,0.448,2021-08-25 02:55:02,29.12
77,0xaed39f9013fe44deb694203d9d12ea4029edac49,Uncommon,135450_0xaed39f9013fe44deb694203d9d12ea4029edac49_1629859992,135450,10,0xad74d773f534da4c45c8cc421acce98ff3769803,0.4,2021-08-25 02:53:12,4.0
78,0xaed39f9013fe44deb694203d9d12ea4029edac49,Uncommon,132731_0xaed39f9013fe44deb694203d9d12ea4029edac49_1629859932,132731,22,0x3238934316238ebbda1ffb229ec9a37bf66c5564,0.399,2021-08-25 02:52:12,8.778
79,0xaed39f9013fe44deb694203d9d12ea4029edac49,Common,149113_0xaed39f9013fe44deb694203d9d12ea4029edac49_1629859852,149113,90,0x0b31e9737fee75157a9aa775e35a43dec1dc2059,0.084,2021-08-25 02:50:52,7.5600000000000005
80,0xaed39f9013fe44deb694203d9d12ea4029edac49,Legendary,149851_0xaed39f9013fe44deb694203d9d12ea4029edac49_1629859716,149851,66,0xf6cc3af141ab635d8068f60b6b9e5356cd489bda,3.2,2021-08-25 02:48:36,211.20000000000002
81,0xf10d3079fbcfd7c6fd1b5c4807e089e5cc41b71b,Mythical,150062_0xf10d3079fbcfd7c6fd1b5c4807e089e5cc41b71b_1629859279,150062,1,0xaede4bf4ca6b456cc23a18bf01acf66ce678d4db,10.99,2021-08-25 02:41:19,10.99
82,0xaed39f9013fe44deb694203d9d12ea4029edac49,Drop,150048_0xaed39f9013fe44deb694203d9d12ea4029edac49_1629859273,150048,15,0xf2df969f59b2c86e4b230da88918cdebcfc4ccbc,11.95,2021-08-25 02:41:13,179.25
83,0x4437f13b9dbad22ffa1f35c96f564f6125b7d179,Drop,149737_0x4437f13b9dbad22ffa1f35c96f564f6125b7d179_1629859192,149737,1,0x72db34299d4bb489993a49822708ce692cca3eb2,13.4,2021-08-25 02:39:52,13.4
84,0xf10d3079fbcfd7c6fd1b5c4807e089e5cc41b71b,Rare,150059_0xf10d3079fbcfd7c6fd1b5c4807e089e5cc41b71b_1629859182,150059,12,0xaede4bf4ca6b456cc23a18bf01acf66ce678d4db,0.55,2021-08-25 02:39:42,6.6000000000000005
85,0x4437f13b9dbad22ffa1f35c96f564f6125b7d179,Drop,149737_0x4437f13b9dbad22ffa1f35c96f564f6125b7d179_1629858516,149737,1,0x72db34299d4bb489993a49822708ce692cca3eb2,13.4,2021-08-25 02:28:36,13.4
86,0xdb094e9d2a746bd3373f2c8b7b7a5d4b7199bca7,Drop,150022_0xdb094e9d2a746bd3373f2c8b7b7a5d4b7199bca7_1629858244,150022,4,0x9f23007d231f80be8e8946139f06b9feaaac4944,11.6,2021-08-25 02:24:04,46.4
87,0x4437f13b9dbad22ffa1f35c96f564f6125b7d179,Legendary,147264_0x4437f13b9dbad22ffa1f35c96f564f6125b7d179_1629857357,147264,1,0xb2e5c3ee488b3a1910cd667bd81e647910e068b9,3.2,2021-08-25 02:09:17,3.2
88,0x4437f13b9dbad22ffa1f35c96f564f6125b7d179,Rare,149999_0x4437f13b9dbad22ffa1f35c96f564f6125b7d179_1629857093,149999,1,0x4849726d23bf5fec06e97ed58b1684129b35c5ba,0.68,2021-08-25 02:04:53,0.68
89,0x4437f13b9dbad22ffa1f35c96f564f6125b7d179,Uncommon,149580_0x4437f13b9dbad22ffa1f35c96f564f6125b7d179_1629856980,149580,1,0x416dd1df3ba992badc0121eed9f945868c13982f,0.38,2021-08-25 02:03:00,0.38
90,0x4437f13b9dbad22ffa1f35c96f564f6125b7d179,Uncommon,149580_0x4437f13b9dbad22ffa1f35c96f564f6125b7d179_1629856912,149580,1,0x416dd1df3ba992badc0121eed9f945868c13982f,0.38,2021-08-25 02:01:52,0.38
91,0xee63d9ca6ecaa334ba0c3311b3dbd5de0132ba4c,Drop,150012_0xee63d9ca6ecaa334ba0c3311b3dbd5de0132ba4c_1629856878,150012,1,0xf96ddaa24d9f01d30443d5e95dbee0e79afc59d3,11.5,2021-08-25 02:01:18,11.5
92,0xf10d3079fbcfd7c6fd1b5c4807e089e5cc41b71b,Godlike,150039_0xf10d3079fbcfd7c6fd1b5c4807e089e5cc41b71b_1629856670,150039,1,0xbec2a2bef3566474975efa9a9c6455840dc0a2c5,53.0,2021-08-25 01:57:50,53.0
93,0xf10d3079fbcfd7c6fd1b5c4807e089e5cc41b71b,Godlike,150037_0xf10d3079fbcfd7c6fd1b5c4807e089e5cc41b71b_1629856624,150037,1,0xbec2a2bef3566474975efa9a9c6455840dc0a2c5,54.0,2021-08-25 01:57:04,54.0
94,0xf10d3079fbcfd7c6fd1b5c4807e089e5cc41b71b,Drop,150035_0xf10d3079fbcfd7c6fd1b5c4807e089e5cc41b71b_1629856568,150035,1,0xbec2a2bef3566474975efa9a9c6455840dc0a2c5,11.0,2021-08-25 01:56:08,11.0
95,0xf10d3079fbcfd7c6fd1b5c4807e089e5cc41b71b,Drop,150033_0xf10d3079fbcfd7c6fd1b5c4807e089e5cc41b71b_1629856510,150033,1,0xbec2a2bef3566474975efa9a9c6455840dc0a2c5,11.0,2021-08-25 01:55:10,11.0
96,0xf10d3079fbcfd7c6fd1b5c4807e089e5cc41b71b,Drop,150031_0xf10d3079fbcfd7c6fd1b5c4807e089e5cc41b71b_1629856448,150031,1,0xbec2a2bef3566474975efa9a9c6455840dc0a2c5,11.0,2021-08-25 01:54:08,11.0
97,0xf10d3079fbcfd7c6fd1b5c4807e089e5cc41b71b,Drop,150029_0xf10d3079fbcfd7c6fd1b5c4807e089e5cc41b71b_1629856374,150029,1,0xbec2a2bef3566474975efa9a9c6455840dc0a2c5,11.0,2021-08-25 01:52:54,11.0
98,0x4437f13b9dbad22ffa1f35c96f564f6125b7d179,Common,149113_0x4437f13b9dbad22ffa1f35c96f564f6125b7d179_1629856342,149113,1,0x0b31e9737fee75157a9aa775e35a43dec1dc2059,0.084,2021-08-25 01:52:22,0.084
99,0xf10d3079fbcfd7c6fd1b5c4807e089e5cc41b71b,Drop,150026_0xf10d3079fbcfd7c6fd1b5c4807e089e5cc41b71b_1629856322,150026,1,0xbec2a2bef3566474975efa9a9c6455840dc0a2c5,11.0,2021-08-25 01:52:02,11.0
100,0x4437f13b9dbad22ffa1f35c96f564f6125b7d179,Common,149113_0x4437f13b9dbad22ffa1f35c96f564f6125b7d179_1629856234,149113,1,0x0b31e9737fee75157a9aa775e35a43dec1dc2059,0.084,2021-08-25 01:50:34,0.084
101,0x67922a9561423548a9ccfd67ad80d6c637c26bfe,Godlike,148550_0x67922a9561423548a9ccfd67ad80d6c637c26bfe_1629856212,148550,1,0x10b1bafc42c90ef5278aaa87befcec68f3e049cf,63.0,2021-08-25 01:50:12,63.0
102,0x67922a9561423548a9ccfd67ad80d6c637c26bfe,Godlike,147822_0x67922a9561423548a9ccfd67ad80d6c637c26bfe_1629856204,147822,2,0x6b05d7b8a45ebd6c9c3889d9d504398628fdf3f1,63.0,2021-08-25 01:50:04,126.0
103,0x67922a9561423548a9ccfd67ad80d6c637c26bfe,Mythical,148489_0x67922a9561423548a9ccfd67ad80d6c637c26bfe_1629856038,148489,1,0xbc1443c470c6130ed1052748e179fd313e5f20f4,12.5,2021-08-25 01:47:18,12.5
104,0x67922a9561423548a9ccfd67ad80d6c637c26bfe,Godlike,149641_0x67922a9561423548a9ccfd67ad80d6c637c26bfe_1629855954,149641,2,0xeea8e4022b8bb6019554a8d2edc4a0c059b6d29b,62.0,2021-08-25 01:45:54,124.0
105,0x67922a9561423548a9ccfd67ad80d6c637c26bfe,Godlike,148781_0x67922a9561423548a9ccfd67ad80d6c637c26bfe_1629855946,148781,1,0xf8c8e966a9a9bf6c353191e3e22588438d99d7ee,61.99,2021-08-25 01:45:46,61.99
106,0x67922a9561423548a9ccfd67ad80d6c637c26bfe,Godlike,149743_0x67922a9561423548a9ccfd67ad80d6c637c26bfe_1629855928,149743,4,0x760ba4580bbc2cdb1a71f9cbd896196e5d4afca3,61.97,2021-08-25 01:45:28,247.88
107,0x67922a9561423548a9ccfd67ad80d6c637c26bfe,Godlike,149922_0x67922a9561423548a9ccfd67ad80d6c637c26bfe_1629855880,149922,3,0x000b79f52356189c80a9d3ada3911d4438218516,61.4,2021-08-25 01:44:40,184.2
108,0x67922a9561423548a9ccfd67ad80d6c637c26bfe,Godlike,149906_0x67922a9561423548a9ccfd67ad80d6c637c26bfe_1629855872,149906,1,0xe2642ff97a607459cd3bbe3c588e45e100efa1e3,61.3,2021-08-25 01:44:32,61.3
109,0x67922a9561423548a9ccfd67ad80d6c637c26bfe,Godlike,149921_0x67922a9561423548a9ccfd67ad80d6c637c26bfe_1629855860,149921,15,0x7af23cc86f3d96f079d5a56d0a89ebcb281060d5,61.0,2021-08-25 01:44:20,915.0
110,0xf8c8e966a9a9bf6c353191e3e22588438d99d7ee,Common,149163_0xf8c8e966a9a9bf6c353191e3e22588438d99d7ee_1629855432,149163,6,0x2a2a50c2ca7da0857791bd480e30da84b4b0310b,0.07444,2021-08-25 01:37:12,0.44664000000000004
111,0x67922a9561423548a9ccfd67ad80d6c637c26bfe,Godlike,149921_0x67922a9561423548a9ccfd67ad80d6c637c26bfe_1629854338,149921,25,0x7af23cc86f3d96f079d5a56d0a89ebcb281060d5,61.0,2021-08-25 01:18:58,1525.0
112,0x67922a9561423548a9ccfd67ad80d6c637c26bfe,Godlike,149958_0x67922a9561423548a9ccfd67ad80d6c637c26bfe_1629854174,149958,11,0x830437c8d234c61ae6bffbc11f2b885e6e934554,60.95,2021-08-25 01:16:14,670.45
113,0x67922a9561423548a9ccfd67ad80d6c637c26bfe,Godlike,149956_0x67922a9561423548a9ccfd67ad80d6c637c26bfe_1629854050,149956,7,0xcc84cc9462e4f1f45597c584123ee31cd7e5864b,60.95,2021-08-25 01:14:10,426.65000000000003
114,0x67922a9561423548a9ccfd67ad80d6c637c26bfe,Mythical,148391_0x67922a9561423548a9ccfd67ad80d6c637c26bfe_1629854026,148391,2,0xb93e7734d868b7f06078f500b6c1ee4c427950c7,13.0,2021-08-25 01:13:46,26.0
115,0x67922a9561423548a9ccfd67ad80d6c637c26bfe,Mythical,148416_0x67922a9561423548a9ccfd67ad80d6c637c26bfe_1629854022,148416,4,0x2b26f40e4fd7c28d3938be40acb51792d84385ec,12.75,2021-08-25 01:13:42,51.0
116,0x67922a9561423548a9ccfd67ad80d6c637c26bfe,Mythical,148011_0x67922a9561423548a9ccfd67ad80d6c637c26bfe_1629854022,148011,11,0xb98644bfcf95c0de69a2fadc4ce08f5f0bf2f744,12.9,2021-08-25 01:13:42,141.9
117,0x67922a9561423548a9ccfd67ad80d6c637c26bfe,Mythical,148939_0x67922a9561423548a9ccfd67ad80d6c637c26bfe_1629853738,148939,4,0x3015b2dc2a1aba39ce193ce4a88dc031428912c4,12.5,2021-08-25 01:08:58,50.0
118,0xee63d9ca6ecaa334ba0c3311b3dbd5de0132ba4c,Drop,149984_0xee63d9ca6ecaa334ba0c3311b3dbd5de0132ba4c_1629852896,149984,1,0xa569388a471b80deb522306d5e7cd7eb92b2c18e,11.6,2021-08-25 00:54:56,11.6
119,0xee63d9ca6ecaa334ba0c3311b3dbd5de0132ba4c,Mythical,149985_0xee63d9ca6ecaa334ba0c3311b3dbd5de0132ba4c_1629852852,149985,2,0x830437c8d234c61ae6bffbc11f2b885e6e934554,11.98,2021-08-25 00:54:12,23.96
120,0x2b29518e5ac3eda4cfc138facd6f023bffc5d65a,Drop,149980_0x2b29518e5ac3eda4cfc138facd6f023bffc5d65a_1629852240,149980,2,0x7ccc9a26b3276f23951d475213fa6136829a1643,11.5,2021-08-25 00:44:00,23.0
121,0x2b29518e5ac3eda4cfc138facd6f023bffc5d65a,Drop,149980_0x2b29518e5ac3eda4cfc138facd6f023bffc5d65a_1629852204,149980,1,0x7ccc9a26b3276f23951d475213fa6136829a1643,11.5,2021-08-25 00:43:24,11.5
122,0xee63d9ca6ecaa334ba0c3311b3dbd5de0132ba4c,Legendary,149966_0xee63d9ca6ecaa334ba0c3311b3dbd5de0132ba4c_1629852194,149966,2,0xcd69fde370cffbb05a9b8d582c069787ec6c688d,3.0,2021-08-25 00:43:14,6.0
123,0x2b29518e5ac3eda4cfc138facd6f023bffc5d65a,Drop,149980_0x2b29518e5ac3eda4cfc138facd6f023bffc5d65a_1629852132,149980,2,0x7ccc9a26b3276f23951d475213fa6136829a1643,11.5,2021-08-25 00:42:12,23.0
124,0x0a097a28a9ecdef27380bed164eedca0561accfd,Drop,149116_0x0a097a28a9ecdef27380bed164eedca0561accfd_1629851704,149116,1,0x83111e1888c1e49e8703e248edeaa34ef868a1de,13.0,2021-08-25 00:35:04,13.0
125,0x0a097a28a9ecdef27380bed164eedca0561accfd,Drop,147728_0x0a097a28a9ecdef27380bed164eedca0561accfd_1629851704,147728,1,0x424411f75609375cdbead866a8e26615e8281802,13.0,2021-08-25 00:35:04,13.0
126,0x0a097a28a9ecdef27380bed164eedca0561accfd,Drop,147192_0x0a097a28a9ecdef27380bed164eedca0561accfd_1629851596,147192,2,0xe8416d1647806d079c6adfe76bd0257b04a7107f,13.0,2021-08-25 00:33:16,26.0
127,0x0a097a28a9ecdef27380bed164eedca0561accfd,Drop,147192_0x0a097a28a9ecdef27380bed164eedca0561accfd_1629851580,147192,1,0xe8416d1647806d079c6adfe76bd0257b04a7107f,13.0,2021-08-25 00:33:00,13.0
128,0x0a097a28a9ecdef27380bed164eedca0561accfd,Drop,146739_0x0a097a28a9ecdef27380bed164eedca0561accfd_1629851512,146739,4,0x40e5423132d2f6b5dc110781e269df7a65674c75,13.0,2021-08-25 00:31:52,52.0
129,0x0a097a28a9ecdef27380bed164eedca0561accfd,Drop,149767_0x0a097a28a9ecdef27380bed164eedca0561accfd_1629851462,149767,1,0xb675b284d6f7d59f5b03b9b4da43d89b0d8a277d,12.9,2021-08-25 00:31:02,12.9
130,0xee63d9ca6ecaa334ba0c3311b3dbd5de0132ba4c,Mythical,149953_0xee63d9ca6ecaa334ba0c3311b3dbd5de0132ba4c_1629851198,149953,4,0xcc84cc9462e4f1f45597c584123ee31cd7e5864b,11.98,2021-08-25 00:26:38,47.92
131,0xee63d9ca6ecaa334ba0c3311b3dbd5de0132ba4c,Godlike,149959_0xee63d9ca6ecaa334ba0c3311b3dbd5de0132ba4c_1629850445,149959,1,0x052370f3278cd2ad96be34bacc1748ebf8c99056,60.5,2021-08-25 00:14:05,60.5
132,0x9ff84b91998df96a6587db8dde8d4e47518107d6,Drop,149967_0x9ff84b91998df96a6587db8dde8d4e47518107d6_1629850377,149967,4,0x26d39fc7341567c8b0bb96382fc54f367f4298ea,11.5,2021-08-25 00:12:57,46.0
133,0xee63d9ca6ecaa334ba0c3311b3dbd5de0132ba4c,Mythical,149961_0xee63d9ca6ecaa334ba0c3311b3dbd5de0132ba4c_1629850294,149961,20,0x830437c8d234c61ae6bffbc11f2b885e6e934554,11.92,2021-08-25 00:11:34,238.4
134,0xee63d9ca6ecaa334ba0c3311b3dbd5de0132ba4c,Godlike,149964_0xee63d9ca6ecaa334ba0c3311b3dbd5de0132ba4c_1629850216,149964,3,0x28820065296837492f422595d21446aa3d3be1f2,59.0,2021-08-25 00:10:16,177.0
135,0xee63d9ca6ecaa334ba0c3311b3dbd5de0132ba4c,Godlike,149964_0xee63d9ca6ecaa334ba0c3311b3dbd5de0132ba4c_1629850118,149964,3,0x28820065296837492f422595d21446aa3d3be1f2,59.0,2021-08-25 00:08:38,177.0
136,0x7419acdbc0f58e8bc449bc180736cd41153e2a4a,Drop,149767_0x7419acdbc0f58e8bc449bc180736cd41153e2a4a_1629849760,149767,2,0xb675b284d6f7d59f5b03b9b4da43d89b0d8a277d,12.9,2021-08-25 00:02:40,25.8
137,0x2b29518e5ac3eda4cfc138facd6f023bffc5d65a,Common,149963_0x2b29518e5ac3eda4cfc138facd6f023bffc5d65a_1629849704,149963,42,0x16164f07f67a5458414b3c71e98fec84e4355d33,0.064,2021-08-25 00:01:44,2.688
138,0x39dc9d9fcbaf4218afc8b069850c6ef8c9e26f56,Legendary,149917_0x39dc9d9fcbaf4218afc8b069850c6ef8c9e26f56_1629849518,149917,1,0x000b79f52356189c80a9d3ada3911d4438218516,2.99,2021-08-24 23:58:38,2.99
139,0x9ff84b91998df96a6587db8dde8d4e47518107d6,Drop,149955_0x9ff84b91998df96a6587db8dde8d4e47518107d6_1629849336,149955,2,0x18bfff508960710fee296502de84667c7f4e88cf,11.6,2021-08-24 23:55:36,23.2
140,0x9ff84b91998df96a6587db8dde8d4e47518107d6,Mythical,149952_0x9ff84b91998df96a6587db8dde8d4e47518107d6_1629849184,149952,2,0x18bfff508960710fee296502de84667c7f4e88cf,11.5,2021-08-24 23:53:04,23.0
141,0x65f9deacd2eb34ea0e86be918f922ed5fcab75a0,Drop,149865_0x65f9deacd2eb34ea0e86be918f922ed5fcab75a0_1629847569,149865,15,0x9a3a55723dc8974289ec64ee6517fcfb20577b40,11.8,2021-08-24 23:26:09,177.0
142,0x7419acdbc0f58e8bc449bc180736cd41153e2a4a,Drop,149929_0x7419acdbc0f58e8bc449bc180736cd41153e2a4a_1629847217,149929,2,0xe4bcc055e55baf94d03379e9b231012b5e213fa9,11.7,2021-08-24 23:20:17,23.4
143,0x352ac32c9663fb7caac363f77b121c34d9acb420,Common,149113_0x352ac32c9663fb7caac363f77b121c34d9acb420_1629847129,149113,150,0x0b31e9737fee75157a9aa775e35a43dec1dc2059,0.084,2021-08-24 23:18:49,12.600000000000001
144,0x352ac32c9663fb7caac363f77b121c34d9acb420,Rare,149848_0x352ac32c9663fb7caac363f77b121c34d9acb420_1629846961,149848,30,0xf6cc3af141ab635d8068f60b6b9e5356cd489bda,0.69,2021-08-24 23:16:01,20.7
145,0x352ac32c9663fb7caac363f77b121c34d9acb420,Legendary,149851_0x352ac32c9663fb7caac363f77b121c34d9acb420_1629846885,149851,10,0xf6cc3af141ab635d8068f60b6b9e5356cd489bda,3.2,2021-08-24 23:14:45,32.0
146,0x352ac32c9663fb7caac363f77b121c34d9acb420,Drop,149865_0x352ac32c9663fb7caac363f77b121c34d9acb420_1629846725,149865,2,0x9a3a55723dc8974289ec64ee6517fcfb20577b40,11.8,2021-08-24 23:12:05,23.6
147,0x352ac32c9663fb7caac363f77b121c34d9acb420,Legendary,149851_0x352ac32c9663fb7caac363f77b121c34d9acb420_1629846645,149851,30,0xf6cc3af141ab635d8068f60b6b9e5356cd489bda,3.2,2021-08-24 23:10:45,96.0
148,0x352ac32c9663fb7caac363f77b121c34d9acb420,Rare,149900_0x352ac32c9663fb7caac363f77b121c34d9acb420_1629846569,149900,5,0x1f87c2d10f7a1d4d03ac3e33efc25e3fa3fae501,0.66,2021-08-24 23:09:29,3.3000000000000003
149,0x352ac32c9663fb7caac363f77b121c34d9acb420,Drop,149920_0x352ac32c9663fb7caac363f77b121c34d9acb420_1629846519,149920,15,0x000b79f52356189c80a9d3ada3911d4438218516,11.99,2021-08-24 23:08:39,179.85
150,0x352ac32c9663fb7caac363f77b121c34d9acb420,Legendary,149923_0x352ac32c9663fb7caac363f77b121c34d9acb420_1629846451,149923,8,0xc23f9f5c58cb582478b9735d191e8bbdbe25902f,2.99,2021-08-24 23:07:31,23.92
151,0x063d6360bafe1981578e8b359c8176f359e23c26,Mythical,149918_0x063d6360bafe1981578e8b359c8176f359e23c26_1629845367,149918,1,0xb02c3a77a6631bb1598080d77ca596f1f69b3f60,11.7,2021-08-24 22:49:27,11.7
152,0x0315483c35d2c1ea9d5be576b0f795ae8cd0d4de,Common,149163_0x0315483c35d2c1ea9d5be576b0f795ae8cd0d4de_1629844865,149163,7,0x2a2a50c2ca7da0857791bd480e30da84b4b0310b,0.07444,2021-08-24 22:41:05,0.52108
153,0x0315483c35d2c1ea9d5be576b0f795ae8cd0d4de,Legendary,149917_0x0315483c35d2c1ea9d5be576b0f795ae8cd0d4de_1629844628,149917,2,0x000b79f52356189c80a9d3ada3911d4438218516,2.99,2021-08-24 22:37:08,5.98
154,0x0315483c35d2c1ea9d5be576b0f795ae8cd0d4de,Common,149822_0x0315483c35d2c1ea9d5be576b0f795ae8cd0d4de_1629844560,149822,89,0x6d807e6564d90de613e2280a3e943c32a57e18d6,0.068,2021-08-24 22:36:00,6.0520000000000005
155,0x0315483c35d2c1ea9d5be576b0f795ae8cd0d4de,Drop,149865_0x0315483c35d2c1ea9d5be576b0f795ae8cd0d4de_1629844494,149865,7,0x9a3a55723dc8974289ec64ee6517fcfb20577b40,11.8,2021-08-24 22:34:54,82.60000000000001
156,0x0315483c35d2c1ea9d5be576b0f795ae8cd0d4de,Drop,149913_0x0315483c35d2c1ea9d5be576b0f795ae8cd0d4de_1629844464,149913,1,0xe5be77e6e9cfcae7f24dbf9a20f0fb24ef5b555c,12.0,2021-08-24 22:34:24,12.0
157,0x0315483c35d2c1ea9d5be576b0f795ae8cd0d4de,Drop,149907_0x0315483c35d2c1ea9d5be576b0f795ae8cd0d4de_1629844192,149907,1,0xe956fac49aec0bc31ad255c42ba04f2e0c79a565,11.75,2021-08-24 22:29:52,11.75
158,0x39bf5f4fa6f86deb2c9acd3bf7d00f5671df194c,Mythical,149836_0x39bf5f4fa6f86deb2c9acd3bf7d00f5671df194c_1629843612,149836,1,0x61477eaa5e33400acc353390ca001be0eb706eb4,33.0,2021-08-24 22:20:12,33.0
159,0x39bf5f4fa6f86deb2c9acd3bf7d00f5671df194c,Legendary,149909_0x39bf5f4fa6f86deb2c9acd3bf7d00f5671df194c_1629843526,149909,12,0x26cf02f892b04af4cf350539ce2c77fcf79ec172,2.9,2021-08-24 22:18:46,34.8
160,0x0e0934c9cb01a700b2e849e4b80c85ca93939c9d,Rare,149900_0x0e0934c9cb01a700b2e849e4b80c85ca93939c9d_1629841944,149900,2,0x1f87c2d10f7a1d4d03ac3e33efc25e3fa3fae501,0.66,2021-08-24 21:52:24,1.32
161,0x5f2b6648a7b62bea1b4bc31edc318365fa7bb0ff,Drop,149865_0x5f2b6648a7b62bea1b4bc31edc318365fa7bb0ff_1629841064,149865,1,0x9a3a55723dc8974289ec64ee6517fcfb20577b40,11.8,2021-08-24 21:37:44,11.8
162,0x03b16ab6e23bdbeeab719d8e4c49d63674876253,Drop,149865_0x03b16ab6e23bdbeeab719d8e4c49d63674876253_1629840306,149865,7,0x9a3a55723dc8974289ec64ee6517fcfb20577b40,11.8,2021-08-24 21:25:06,82.60000000000001
163,0xe1b8e5ce214c9a8d1c6d8115eaf5b776a1d28b5a,Legendary,149858_0xe1b8e5ce214c9a8d1c6d8115eaf5b776a1d28b5a_1629839946,149858,1,0xb72ed8401892466ea8af528c1af1d0524bc5e105,2.99,2021-08-24 21:19:06,2.99
164,0xe1b8e5ce214c9a8d1c6d8115eaf5b776a1d28b5a,Drop,149865_0xe1b8e5ce214c9a8d1c6d8115eaf5b776a1d28b5a_1629839794,149865,1,0x9a3a55723dc8974289ec64ee6517fcfb20577b40,11.8,2021-08-24 21:16:34,11.8
165,0xe1b8e5ce214c9a8d1c6d8115eaf5b776a1d28b5a,Mythical,148763_0xe1b8e5ce214c9a8d1c6d8115eaf5b776a1d28b5a_1629839686,148763,1,0xd5cfcc460c50098fac1c9c67c436394f738b0b9f,12.4,2021-08-24 21:14:46,12.4
166,0x5f2b6648a7b62bea1b4bc31edc318365fa7bb0ff,Drop,149833_0x5f2b6648a7b62bea1b4bc31edc318365fa7bb0ff_1629838524,149833,1,0x0a9a893ed9e173b3298c8022e959ec6691673145,12.0,2021-08-24 20:55:24,12.0
167,0xf10d3079fbcfd7c6fd1b5c4807e089e5cc41b71b,Drop,149891_0xf10d3079fbcfd7c6fd1b5c4807e089e5cc41b71b_1629838356,149891,1,0xf759597366e0ea7e2104ef8b46e0d91709610493,10.5,2021-08-24 20:52:36,10.5
168,0x0e0934c9cb01a700b2e849e4b80c85ca93939c9d,Legendary,149851_0x0e0934c9cb01a700b2e849e4b80c85ca93939c9d_1629838264,149851,12,0xf6cc3af141ab635d8068f60b6b9e5356cd489bda,3.2,2021-08-24 20:51:04,38.400000000000006
169,0x29746c9d6b317c6df26ac1751d6cb03a55c1b8d5,Mythical,148763_0x29746c9d6b317c6df26ac1751d6cb03a55c1b8d5_1629838064,148763,2,0xd5cfcc460c50098fac1c9c67c436394f738b0b9f,12.4,2021-08-24 20:47:44,24.8
170,0x29746c9d6b317c6df26ac1751d6cb03a55c1b8d5,Mythical,148792_0x29746c9d6b317c6df26ac1751d6cb03a55c1b8d5_1629838038,148792,2,0xf8c8e966a9a9bf6c353191e3e22588438d99d7ee,12.39,2021-08-24 20:47:18,24.78
171,0x29746c9d6b317c6df26ac1751d6cb03a55c1b8d5,Mythical,148902_0x29746c9d6b317c6df26ac1751d6cb03a55c1b8d5_1629838028,148902,6,0xcc84cc9462e4f1f45597c584123ee31cd7e5864b,12.36,2021-08-24 20:47:08,74.16
172,0x29746c9d6b317c6df26ac1751d6cb03a55c1b8d5,Mythical,148792_0x29746c9d6b317c6df26ac1751d6cb03a55c1b8d5_1629837988,148792,1,0xf8c8e966a9a9bf6c353191e3e22588438d99d7ee,12.39,2021-08-24 20:46:28,12.39
173,0x0e0934c9cb01a700b2e849e4b80c85ca93939c9d,Legendary,149847_0x0e0934c9cb01a700b2e849e4b80c85ca93939c9d_1629837551,149847,2,0xadf228a1a9e705ca02a998e1b1bc6f14b3bba908,2.9,2021-08-24 20:39:11,5.8
174,0x5f0ad0c43b990d21c3dbd8fefce386d70eaa729a,Drop,149844_0x5f0ad0c43b990d21c3dbd8fefce386d70eaa729a_1629837257,149844,4,0x00662595f4d9f4cf150ac29d39212be496f8d133,11.99,2021-08-24 20:34:17,47.96
175,0x5f0ad0c43b990d21c3dbd8fefce386d70eaa729a,Drop,149846_0x5f0ad0c43b990d21c3dbd8fefce386d70eaa729a_1629837167,149846,5,0x820330928a68283ca06055aac47cfa1c5f42e7df,11.99,2021-08-24 20:32:47,59.95
176,0xee63d9ca6ecaa334ba0c3311b3dbd5de0132ba4c,Legendary,149804_0xee63d9ca6ecaa334ba0c3311b3dbd5de0132ba4c_1629833836,149804,2,0xb72ed8401892466ea8af528c1af1d0524bc5e105,2.99,2021-08-24 19:37:16,5.98
177,0x0315483c35d2c1ea9d5be576b0f795ae8cd0d4de,Common,149822_0x0315483c35d2c1ea9d5be576b0f795ae8cd0d4de_1629832734,149822,2,0x6d807e6564d90de613e2280a3e943c32a57e18d6,0.068,2021-08-24 19:18:54,0.136
178,0x0315483c35d2c1ea9d5be576b0f795ae8cd0d4de,Rare,149590_0x0315483c35d2c1ea9d5be576b0f795ae8cd0d4de_1629832646,149590,1,0x803a825aefd309a1fe5d7203bd29dbab4b01fc56,0.69,2021-08-24 19:17:26,0.69
179,0xf10d3079fbcfd7c6fd1b5c4807e089e5cc41b71b,Drop,149831_0xf10d3079fbcfd7c6fd1b5c4807e089e5cc41b71b_1629832031,149831,3,0x26d39fc7341567c8b0bb96382fc54f367f4298ea,11.0,2021-08-24 19:07:11,33.0
180,0x61477eaa5e33400acc353390ca001be0eb706eb4,Mythical,149805_0x61477eaa5e33400acc353390ca001be0eb706eb4_1629831833,149805,8,0x87359742728a938aa9b4991d2352fbd24b7a489e,12.21,2021-08-24 19:03:53,97.68
181,0x816c1af9172bc6d1ffd72558dd75dcbdd0ac0c41,Drop,146739_0x816c1af9172bc6d1ffd72558dd75dcbdd0ac0c41_1629831142,146739,7,0x40e5423132d2f6b5dc110781e269df7a65674c75,13.0,2021-08-24 18:52:22,91.0
182,0x0e0934c9cb01a700b2e849e4b80c85ca93939c9d,Drop,149774_0x0e0934c9cb01a700b2e849e4b80c85ca93939c9d_1629830714,149774,1,0xe93981d7f78325aa98c5c62b96c95bb8b40bf440,12.0,2021-08-24 18:45:14,12.0
183,0xc15e011b8e117fba8cc241c70950fc79f515ab3e,Drop,148771_0xc15e011b8e117fba8cc241c70950fc79f515ab3e_1629830434,148771,1,0x212c5da34446cf91d8fd45945f3a87c86561bc8e,13.0,2021-08-24 18:40:34,13.0
184,0xa915023b3ed1e00e078789e63de079b4d6dcc348,Godlike,149743_0xa915023b3ed1e00e078789e63de079b4d6dcc348_1629829022,149743,1,0x760ba4580bbc2cdb1a71f9cbd896196e5d4afca3,61.97,2021-08-24 18:17:02,61.97
185,0x14d2b918ae4d9bcf383a64931ec750c2d04a600a,Common,149163_0x14d2b918ae4d9bcf383a64931ec750c2d04a600a_1629828962,149163,1,0x2a2a50c2ca7da0857791bd480e30da84b4b0310b,0.07444,2021-08-24 18:16:02,0.07444
186,0x14d2b918ae4d9bcf383a64931ec750c2d04a600a,Common,149163_0x14d2b918ae4d9bcf383a64931ec750c2d04a600a_1629828918,149163,1,0x2a2a50c2ca7da0857791bd480e30da84b4b0310b,0.07444,2021-08-24 18:15:18,0.07444
187,0x14d2b918ae4d9bcf383a64931ec750c2d04a600a,Common,149163_0x14d2b918ae4d9bcf383a64931ec750c2d04a600a_1629828806,149163,1,0x2a2a50c2ca7da0857791bd480e30da84b4b0310b,0.07444,2021-08-24 18:13:26,0.07444
188,0xa915023b3ed1e00e078789e63de079b4d6dcc348,Uncommon,149597_0xa915023b3ed1e00e078789e63de079b4d6dcc348_1629828606,149597,3,0xe8777bc36a160902c812444874ea21ae4449e99e,0.38,2021-08-24 18:10:06,1.1400000000000001
189,0xa915023b3ed1e00e078789e63de079b4d6dcc348,Uncommon,149473_0xa915023b3ed1e00e078789e63de079b4d6dcc348_1629828582,149473,3,0x6be7b13539bbf6d3ef62c157443e008f43a3c4c2,0.38,2021-08-24 18:09:42,1.1400000000000001
190,0x14d2b918ae4d9bcf383a64931ec750c2d04a600a,Common,149163_0x14d2b918ae4d9bcf383a64931ec750c2d04a600a_1629828368,149163,1,0x2a2a50c2ca7da0857791bd480e30da84b4b0310b,0.07444,2021-08-24 18:06:08,0.07444
191,0x14d2b918ae4d9bcf383a64931ec750c2d04a600a,Common,149163_0x14d2b918ae4d9bcf383a64931ec750c2d04a600a_1629828326,149163,1,0x2a2a50c2ca7da0857791bd480e30da84b4b0310b,0.07444,2021-08-24 18:05:26,0.07444
192,0xaed39f9013fe44deb694203d9d12ea4029edac49,Common,149263_0xaed39f9013fe44deb694203d9d12ea4029edac49_1629827575,149263,13,0x6a947a3135342258ed22c988f03fd95568cbc748,0.069,2021-08-24 17:52:55,0.897
193,0xaed39f9013fe44deb694203d9d12ea4029edac49,Common,149708_0xaed39f9013fe44deb694203d9d12ea4029edac49_1629827559,149708,14,0x8636b8d99d853032e0f24dc2dc082907df1df5e4,0.07143,2021-08-24 17:52:39,1.00002
194,0xaed39f9013fe44deb694203d9d12ea4029edac49,Common,149261_0xaed39f9013fe44deb694203d9d12ea4029edac49_1629827531,149261,16,0x6d807e6564d90de613e2280a3e943c32a57e18d6,0.073,2021-08-24 17:52:11,1.168
195,0xaed39f9013fe44deb694203d9d12ea4029edac49,Uncommon,149560_0xaed39f9013fe44deb694203d9d12ea4029edac49_1629827521,149560,8,0xbad84ec71ee838d3826f69053315aa229ac1a164,0.38,2021-08-24 17:52:01,3.04
196,0xaed39f9013fe44deb694203d9d12ea4029edac49,Uncommon,148762_0xaed39f9013fe44deb694203d9d12ea4029edac49_1629827521,148762,13,0xf8c8e966a9a9bf6c353191e3e22588438d99d7ee,0.38,2021-08-24 17:52:01,4.94
197,0xaed39f9013fe44deb694203d9d12ea4029edac49,Uncommon,149561_0xaed39f9013fe44deb694203d9d12ea4029edac49_1629827359,149561,26,0x6c6b7bd85ef4dd5ce57700bf2fe7dc9c21ac04fb,0.35,2021-08-24 17:49:19,9.1
198,0xaed39f9013fe44deb694203d9d12ea4029edac49,Common,149261_0xaed39f9013fe44deb694203d9d12ea4029edac49_1629827359,149261,100,0x6d807e6564d90de613e2280a3e943c32a57e18d6,0.073,2021-08-24 17:49:19,7.3
199,0xaed39f9013fe44deb694203d9d12ea4029edac49,Rare,149375_0xaed39f9013fe44deb694203d9d12ea4029edac49_1629827339,149375,66,0xeb18350001a3f58f486da90535865e58db6b22ca,0.699,2021-08-24 17:48:59,46.134
200,0x0bcdc503f78bff5dc7b867c6740226d9621117b1,Mythical,149543_0x0bcdc503f78bff5dc7b867c6740226d9621117b1_1629827331,149543,1,0x8470d060ce8a8465aa3f3501c8c263150a35b166,12.2,2021-08-24 17:48:51,12.2
201,0x87cfdc4bfae569088bc1bcc0dd3c19f53da54193,Drop,149765_0x87cfdc4bfae569088bc1bcc0dd3c19f53da54193_1629827299,149765,1,0x826088b7174bd1f07becf359025fa751e6ac11cb,11.9,2021-08-24 17:48:19,11.9
202,0xee63d9ca6ecaa334ba0c3311b3dbd5de0132ba4c,Drop,149754_0xee63d9ca6ecaa334ba0c3311b3dbd5de0132ba4c_1629826059,149754,6,0x3a45e2f5ab0218d7c35aec963fca64de03934057,11.9,2021-08-24 17:27:39,71.4
203,0x7e0b15946f9dce4507feb04e4f24a11c419a689b,Mythical,149076_0x7e0b15946f9dce4507feb04e4f24a11c419a689b_1629825413,149076,1,0x760ba4580bbc2cdb1a71f9cbd896196e5d4afca3,12.35,2021-08-24 17:16:53,12.35
204,0x7e0b15946f9dce4507feb04e4f24a11c419a689b,Mythical,149594_0x7e0b15946f9dce4507feb04e4f24a11c419a689b_1629825407,149594,1,0x8f10a570f089d461677c19e17e64f69e4a6536f8,12.2,2021-08-24 17:16:47,12.2
205,0xaed39f9013fe44deb694203d9d12ea4029edac49,Rare,149612_0xaed39f9013fe44deb694203d9d12ea4029edac49_1629825345,149612,78,0x03f4b156e8c077219a69a4ec63faca4b449b7723,0.69,2021-08-24 17:15:45,53.81999999999999
206,0xaed39f9013fe44deb694203d9d12ea4029edac49,Drop,149750_0xaed39f9013fe44deb694203d9d12ea4029edac49_1629825181,149750,5,0x68a173eb938fcfe323e47947fd29877e5b318b60,12.1,2021-08-24 17:13:01,60.5
207,0xaed39f9013fe44deb694203d9d12ea4029edac49,Legendary,148571_0xaed39f9013fe44deb694203d9d12ea4029edac49_1629824399,148571,1,0xf29071c52b8f487d15559b74d32e4c988bfb1383,3.25,2021-08-24 16:59:59,3.25
208,0xaed39f9013fe44deb694203d9d12ea4029edac49,Legendary,146726_0xaed39f9013fe44deb694203d9d12ea4029edac49_1629824399,146726,12,0x8a050fdc2ed38868a749d21bfde947a0322e4ac8,3.4,2021-08-24 16:59:59,40.8
209,0x986b6145f7760136afc4a6a35b343e217d6ef4d6,Rare,142043_0x986b6145f7760136afc4a6a35b343e217d6ef4d6_1629824273,142043,2,0xcc84cc9462e4f1f45597c584123ee31cd7e5864b,0.7489,2021-08-24 16:57:53,1.4978
210,0xaed39f9013fe44deb694203d9d12ea4029edac49,Legendary,146610_0xaed39f9013fe44deb694203d9d12ea4029edac49_1629824200,146610,18,0xead5b7d86c681c036c59cd00a0390541061c69f2,3.4,2021-08-24 16:56:40,61.199999999999996
211,0xaed39f9013fe44deb694203d9d12ea4029edac49,Legendary,147794_0xaed39f9013fe44deb694203d9d12ea4029edac49_1629824100,147794,3,0x930914b865db5fe9a15a42a99481f77f469c9f04,3.17,2021-08-24 16:55:00,9.51
212,0xaed39f9013fe44deb694203d9d12ea4029edac49,Drop,147960_0xaed39f9013fe44deb694203d9d12ea4029edac49_1629824068,147960,6,0x28798ceb373c4ecefa069ea6b5bab2b1d8bebd7c,12.9,2021-08-24 16:54:28,77.4
213,0x986b6145f7760136afc4a6a35b343e217d6ef4d6,Legendary,147794_0x986b6145f7760136afc4a6a35b343e217d6ef4d6_1629824004,147794,2,0x930914b865db5fe9a15a42a99481f77f469c9f04,3.17,2021-08-24 16:53:24,6.34
214,0xaed39f9013fe44deb694203d9d12ea4029edac49,Mythical,149516_0xaed39f9013fe44deb694203d9d12ea4029edac49_1629823916,149516,1,0x793491fe4a7b25eee0065e484a52c7a0dfd8c0d9,12.25,2021-08-24 16:51:56,12.25
215,0xaed39f9013fe44deb694203d9d12ea4029edac49,Drop,149719_0xaed39f9013fe44deb694203d9d12ea4029edac49_1629823678,149719,8,0xbf7a6cacc4c07dafa188684559503df8841b7f00,12.8,2021-08-24 16:47:58,102.4
216,0xee63d9ca6ecaa334ba0c3311b3dbd5de0132ba4c,Drop,149738_0xee63d9ca6ecaa334ba0c3311b3dbd5de0132ba4c_1629823522,149738,4,0xd1ccab6b1f4606d80106b52a4415985ab78cbb93,11.95,2021-08-24 16:45:22,47.8
217,0xa915023b3ed1e00e078789e63de079b4d6dcc348,Uncommon,149523_0xa915023b3ed1e00e078789e63de079b4d6dcc348_1629823212,149523,6,0x6d06dd922210c87df1f532b4805badf782e598b9,0.33,2021-08-24 16:40:12,1.98
218,0xa915023b3ed1e00e078789e63de079b4d6dcc348,Rare,149640_0xa915023b3ed1e00e078789e63de079b4d6dcc348_1629822926,149640,39,0x47b056b7412f43e38f1232354a5d425647c41c7a,0.64,2021-08-24 16:35:26,24.96
219,0xee63d9ca6ecaa334ba0c3311b3dbd5de0132ba4c,Drop,149724_0xee63d9ca6ecaa334ba0c3311b3dbd5de0132ba4c_1629821714,149724,4,0xc44abffdb232befb250bc1f69e83f7c6bc2dffe1,12.05,2021-08-24 16:15:14,48.2
220,0xf10d3079fbcfd7c6fd1b5c4807e089e5cc41b71b,Legendary,149747_0xf10d3079fbcfd7c6fd1b5c4807e089e5cc41b71b_1629821660,149747,10,0x768c545669e6821e059473ffca7912d291078cfe,2.19,2021-08-24 16:14:20,21.9
221,0x986b6145f7760136afc4a6a35b343e217d6ef4d6,Drop,147960_0x986b6145f7760136afc4a6a35b343e217d6ef4d6_1629821622,147960,3,0x28798ceb373c4ecefa069ea6b5bab2b1d8bebd7c,12.9,2021-08-24 16:13:42,38.7
222,0x60523cd3f5cf0061c6f042545371fa6ff8cd397b,Mythical,149723_0x60523cd3f5cf0061c6f042545371fa6ff8cd397b_1629821268,149723,1,0x1c1538ed4bd82d76dc5f240ebafc02b00cbb823d,12.0,2021-08-24 16:07:48,12.0
223,0x986b6145f7760136afc4a6a35b343e217d6ef4d6,Drop,146366_0x986b6145f7760136afc4a6a35b343e217d6ef4d6_1629820195,146366,1,0x61742df6f341f84c59c408d203e7bd38be3b85b0,13.0,2021-08-24 15:49:55,13.0
224,0xe9a0271b3c4de3cd1d12e72b5dcab9ea462b455a,Drop,147710_0xe9a0271b3c4de3cd1d12e72b5dcab9ea462b455a_1629819931,147710,1,0x9c4c62c12ebd76ff81b709b75140604b2cff131e,12.8,2021-08-24 15:45:31,12.8
225,0xcd79272e57a870c0b1f69a8c840244364c4a0260,Mythical,149594_0xcd79272e57a870c0b1f69a8c840244364c4a0260_1629819905,149594,1,0x8f10a570f089d461677c19e17e64f69e4a6536f8,12.2,2021-08-24 15:45:05,12.2
226,0x60523cd3f5cf0061c6f042545371fa6ff8cd397b,Drop,149617_0x60523cd3f5cf0061c6f042545371fa6ff8cd397b_1629819471,149617,2,0x0553de51e7fa7658f0517e573d79eebbb59852f2,12.0499,2021-08-24 15:37:51,24.0998
227,0xee63d9ca6ecaa334ba0c3311b3dbd5de0132ba4c,Mythical,149693_0xee63d9ca6ecaa334ba0c3311b3dbd5de0132ba4c_1629819425,149693,10,0xc7370217e83418d12adfa3a9231892b0eaeac410,11.95,2021-08-24 15:37:05,119.5
228,0x53d3a17469221ed2ebc7c31c687be6b16676cd58,Legendary,148571_0x53d3a17469221ed2ebc7c31c687be6b16676cd58_1629819003,148571,1,0xf29071c52b8f487d15559b74d32e4c988bfb1383,3.25,2021-08-24 15:30:03,3.25
229,0x60523cd3f5cf0061c6f042545371fa6ff8cd397b,Drop,149591_0x60523cd3f5cf0061c6f042545371fa6ff8cd397b_1629818993,149591,1,0x4ddbefb70c28103a3db132bcf8069e86b9dbdc19,12.0,2021-08-24 15:29:53,12.0
230,0x63350b1649c34d3135cef63b9d1369f8bb66bab3,Drop,149720_0x63350b1649c34d3135cef63b9d1369f8bb66bab3_1629818089,149720,1,0x47d6f96ba098816389db7c87cbf077de7181b853,9.0,2021-08-24 15:14:49,9.0
231,0xd9d54f0f67fde251ab41ffb36579f308b592d905,Drop,149678_0xd9d54f0f67fde251ab41ffb36579f308b592d905_1629817963,149678,5,0x68a173eb938fcfe323e47947fd29877e5b318b60,12.0,2021-08-24 15:12:43,60.0
232,0xee63d9ca6ecaa334ba0c3311b3dbd5de0132ba4c,Drop,149613_0xee63d9ca6ecaa334ba0c3311b3dbd5de0132ba4c_1629817919,149613,1,0x640629cffdf4b09656fb4c8ae15236024b078d4c,11.99,2021-08-24 15:11:59,11.99
233,0x53d3a17469221ed2ebc7c31c687be6b16676cd58,Rare,149640_0x53d3a17469221ed2ebc7c31c687be6b16676cd58_1629817813,149640,1,0x47b056b7412f43e38f1232354a5d425647c41c7a,0.64,2021-08-24 15:10:13,0.64
234,0x53d3a17469221ed2ebc7c31c687be6b16676cd58,Rare,149640_0x53d3a17469221ed2ebc7c31c687be6b16676cd58_1629817777,149640,1,0x47b056b7412f43e38f1232354a5d425647c41c7a,0.64,2021-08-24 15:09:37,0.64
235,0xf10d3079fbcfd7c6fd1b5c4807e089e5cc41b71b,Drop,149712_0xf10d3079fbcfd7c6fd1b5c4807e089e5cc41b71b_1629817721,149712,1,0x47d6f96ba098816389db7c87cbf077de7181b853,9.0,2021-08-24 15:08:41,9.0
236,0xf10d3079fbcfd7c6fd1b5c4807e089e5cc41b71b,Drop,149710_0xf10d3079fbcfd7c6fd1b5c4807e089e5cc41b71b_1629817531,149710,1,0x47d6f96ba098816389db7c87cbf077de7181b853,9.0,2021-08-24 15:05:31,9.0
237,0xf10d3079fbcfd7c6fd1b5c4807e089e5cc41b71b,Drop,149705_0xf10d3079fbcfd7c6fd1b5c4807e089e5cc41b71b_1629817371,149705,1,0x47d6f96ba098816389db7c87cbf077de7181b853,9.0,2021-08-24 15:02:51,9.0
238,0xf10d3079fbcfd7c6fd1b5c4807e089e5cc41b71b,Drop,149702_0xf10d3079fbcfd7c6fd1b5c4807e089e5cc41b71b_1629816839,149702,2,0x26d39fc7341567c8b0bb96382fc54f367f4298ea,11.0,2021-08-24 14:53:59,22.0
239,0xf10d3079fbcfd7c6fd1b5c4807e089e5cc41b71b,Legendary,149700_0xf10d3079fbcfd7c6fd1b5c4807e089e5cc41b71b_1629816835,149700,1,0x47d6f96ba098816389db7c87cbf077de7181b853,2.0,2021-08-24 14:53:55,2.0
240,0xee63d9ca6ecaa334ba0c3311b3dbd5de0132ba4c,Godlike,149535_0xee63d9ca6ecaa334ba0c3311b3dbd5de0132ba4c_1629816829,149535,1,0xffd3da76203642d4ee112893f33749a0df7ea7fd,60.9,2021-08-24 14:53:49,60.9
241,0xf10d3079fbcfd7c6fd1b5c4807e089e5cc41b71b,Mythical,149695_0xf10d3079fbcfd7c6fd1b5c4807e089e5cc41b71b_1629816585,149695,1,0x47d6f96ba098816389db7c87cbf077de7181b853,10.0,2021-08-24 14:49:45,10.0
242,0xd9d54f0f67fde251ab41ffb36579f308b592d905,Drop,148146_0xd9d54f0f67fde251ab41ffb36579f308b592d905_1629816294,148146,95,0x72db34299d4bb489993a49822708ce692cca3eb2,13.45,2021-08-24 14:44:54,1277.75
243,0xd9d54f0f67fde251ab41ffb36579f308b592d905,Godlike,149351_0xd9d54f0f67fde251ab41ffb36579f308b592d905_1629815814,149351,5,0x760ba4580bbc2cdb1a71f9cbd896196e5d4afca3,61.97,2021-08-24 14:36:54,309.85
244,0xd9d54f0f67fde251ab41ffb36579f308b592d905,Drop,149524_0xd9d54f0f67fde251ab41ffb36579f308b592d905_1629815730,149524,19,0xf7e326856009c52e9842b135723194eeba53a5df,12.99,2021-08-24 14:35:30,246.81
245,0xd9d54f0f67fde251ab41ffb36579f308b592d905,Drop,149499_0xd9d54f0f67fde251ab41ffb36579f308b592d905_1629815402,149499,42,0x440ba306bd3c67c00668d29067085b40fd82f61b,12.05,2021-08-24 14:30:02,506.1
246,0xf10d3079fbcfd7c6fd1b5c4807e089e5cc41b71b,Drop,149686_0xf10d3079fbcfd7c6fd1b5c4807e089e5cc41b71b_1629815290,149686,1,0xf7c06ff3654b03320cb091821d48f180ab371c94,10.0,2021-08-24 14:28:10,10.0
247,0xf10d3079fbcfd7c6fd1b5c4807e089e5cc41b71b,Drop,149681_0xf10d3079fbcfd7c6fd1b5c4807e089e5cc41b71b_1629815168,149681,2,0xeea8e4022b8bb6019554a8d2edc4a0c059b6d29b,10.0,2021-08-24 14:26:08,20.0
248,0xee63d9ca6ecaa334ba0c3311b3dbd5de0132ba4c,Legendary,149648_0xee63d9ca6ecaa334ba0c3311b3dbd5de0132ba4c_1629814432,149648,6,0xb72ed8401892466ea8af528c1af1d0524bc5e105,2.95,2021-08-24 14:13:52,17.700000000000003
249,0xd9d54f0f67fde251ab41ffb36579f308b592d905,Drop,149499_0xd9d54f0f67fde251ab41ffb36579f308b592d905_1629814344,149499,50,0x440ba306bd3c67c00668d29067085b40fd82f61b,12.05,2021-08-24 14:12:24,602.5
250,0xf10d3079fbcfd7c6fd1b5c4807e089e5cc41b71b,Rare,149676_0xf10d3079fbcfd7c6fd1b5c4807e089e5cc41b71b_1629813930,149676,4,0x47d6f96ba098816389db7c87cbf077de7181b853,0.26,2021-08-24 14:05:30,1.04
251,0x26b350f462ae30ec1c48c36ba944ab66f06dafee,Drop,149499_0x26b350f462ae30ec1c48c36ba944ab66f06dafee_1629813766,149499,10,0x440ba306bd3c67c00668d29067085b40fd82f61b,12.05,2021-08-24 14:02:46,120.5
252,0x47ab904f34fbe517e8032de5e86ce8708369a72d,Drop,149603_0x47ab904f34fbe517e8032de5e86ce8708369a72d_1629813756,149603,8,0x00662595f4d9f4cf150ac29d39212be496f8d133,11.99,2021-08-24 14:02:36,95.92
253,0x53d3a17469221ed2ebc7c31c687be6b16676cd58,Rare,149590_0x53d3a17469221ed2ebc7c31c687be6b16676cd58_1629813756,149590,1,0x803a825aefd309a1fe5d7203bd29dbab4b01fc56,0.69,2021-08-24 14:02:36,0.69
254,0x53d3a17469221ed2ebc7c31c687be6b16676cd58,Rare,149590_0x53d3a17469221ed2ebc7c31c687be6b16676cd58_1629813748,149590,1,0x803a825aefd309a1fe5d7203bd29dbab4b01fc56,0.69,2021-08-24 14:02:28,0.69
255,0xee63d9ca6ecaa334ba0c3311b3dbd5de0132ba4c,Mythical,149620_0xee63d9ca6ecaa334ba0c3311b3dbd5de0132ba4c_1629813604,149620,3,0xcbcdca647cfda9283992193604f8718a910b42fc,12.0,2021-08-24 14:00:04,36.0
256,0xee63d9ca6ecaa334ba0c3311b3dbd5de0132ba4c,Drop,149611_0xee63d9ca6ecaa334ba0c3311b3dbd5de0132ba4c_1629813554,149611,9,0xd164ff4c786d851a0e2d2fc1bf78370dc9cc1d80,11.5,2021-08-24 13:59:14,103.5
257,0xf10d3079fbcfd7c6fd1b5c4807e089e5cc41b71b,Rare,149666_0xf10d3079fbcfd7c6fd1b5c4807e089e5cc41b71b_1629813530,149666,4,0x47d6f96ba098816389db7c87cbf077de7181b853,0.25,2021-08-24 13:58:50,1.0
258,0xee63d9ca6ecaa334ba0c3311b3dbd5de0132ba4c,Godlike,149589_0xee63d9ca6ecaa334ba0c3311b3dbd5de0132ba4c_1629813460,149589,2,0xfa7bd4b2b8ec60b35d881131f71d364a76cad888,60.0,2021-08-24 13:57:40,120.0
259,0xee63d9ca6ecaa334ba0c3311b3dbd5de0132ba4c,Mythical,149596_0xee63d9ca6ecaa334ba0c3311b3dbd5de0132ba4c_1629813182,149596,1,0xd4f45e3688aa30338559daa96dfbf7dd1b08ad13,11.9,2021-08-24 13:53:02,11.9
260,0xf10d3079fbcfd7c6fd1b5c4807e089e5cc41b71b,Rare,149661_0xf10d3079fbcfd7c6fd1b5c4807e089e5cc41b71b_1629812740,149661,4,0x47d6f96ba098816389db7c87cbf077de7181b853,0.26,2021-08-24 13:45:40,1.04
261,0xf10d3079fbcfd7c6fd1b5c4807e089e5cc41b71b,Rare,149659_0xf10d3079fbcfd7c6fd1b5c4807e089e5cc41b71b_1629812596,149659,4,0x47d6f96ba098816389db7c87cbf077de7181b853,0.25,2021-08-24 13:43:16,1.0
262,0xee63d9ca6ecaa334ba0c3311b3dbd5de0132ba4c,Legendary,149577_0xee63d9ca6ecaa334ba0c3311b3dbd5de0132ba4c_1629811548,149577,1,0xa4f4406d3dc6482db1397d0ad260fd223c8f37fc,3.0,2021-08-24 13:25:48,3.0
263,0x53d3a17469221ed2ebc7c31c687be6b16676cd58,Rare,149545_0x53d3a17469221ed2ebc7c31c687be6b16676cd58_1629811264,149545,2,0x00df64b8044aa7126e0f88f286b3c483c5e5927a,0.65,2021-08-24 13:21:04,1.3
264,0x2afb58a22e7d3c241ab7b9a1f68b9e8e74ec9d68,Drop,149499_0x2afb58a22e7d3c241ab7b9a1f68b9e8e74ec9d68_1629811264,149499,1,0x440ba306bd3c67c00668d29067085b40fd82f61b,12.05,2021-08-24 13:21:04,12.05
265,0x53d3a17469221ed2ebc7c31c687be6b16676cd58,Legendary,149522_0x53d3a17469221ed2ebc7c31c687be6b16676cd58_1629811260,149522,1,0x40158e1d5eaa2dc589552464010fe81b1b3a23f5,3.0666,2021-08-24 13:21:00,3.0666
266,0x1a8d886d3a4a2d2aeb817ebb781f0683351538b1,Legendary,149576_0x1a8d886d3a4a2d2aeb817ebb781f0683351538b1_1629810846,149576,1,0xdac12b6ddbf055ee542f0ed460a32d1e9f361ca4,2.8,2021-08-24 13:14:06,2.8
267,0x63350b1649c34d3135cef63b9d1369f8bb66bab3,Drop,149651_0x63350b1649c34d3135cef63b9d1369f8bb66bab3_1629810294,149651,2,0xbca6068d1e0249ce592b293cc9c38d048d1180f9,9.95,2021-08-24 13:04:54,19.9
268,0x53d3a17469221ed2ebc7c31c687be6b16676cd58,Rare,149564_0x53d3a17469221ed2ebc7c31c687be6b16676cd58_1629809764,149564,2,0xab4c3a5d60c7c454e783c137ba91a6796ae1b051,0.65,2021-08-24 12:56:04,1.3
269,0x53d3a17469221ed2ebc7c31c687be6b16676cd58,Legendary,149537_0x53d3a17469221ed2ebc7c31c687be6b16676cd58_1629809762,149537,1,0x3238934316238ebbda1ffb229ec9a37bf66c5564,2.999,2021-08-24 12:56:02,2.999
270,0x1a8d886d3a4a2d2aeb817ebb781f0683351538b1,Godlike,149567_0x1a8d886d3a4a2d2aeb817ebb781f0683351538b1_1629809506,149567,1,0xac8879bdf579133ea955c4e05906ab66ccaf7c9b,57.0,2021-08-24 12:51:46,57.0
271,0xee63d9ca6ecaa334ba0c3311b3dbd5de0132ba4c,Drop,149566_0xee63d9ca6ecaa334ba0c3311b3dbd5de0132ba4c_1629809316,149566,6,0x5173b8ea30cbcffa8e049b762f2d1a92c21b02c9,11.92,2021-08-24 12:48:36,71.52
272,0xee63d9ca6ecaa334ba0c3311b3dbd5de0132ba4c,Legendary,149546_0xee63d9ca6ecaa334ba0c3311b3dbd5de0132ba4c_1629809244,149546,1,0xabf128d4be3072cdfcb021e702d2b8d8437c789d,2.99,2021-08-24 12:47:24,2.99
273,0xee63d9ca6ecaa334ba0c3311b3dbd5de0132ba4c,Godlike,149565_0xee63d9ca6ecaa334ba0c3311b3dbd5de0132ba4c_1629809146,149565,1,0xc6e34e7bee3c459c99412ece5ec409caf4c9a372,60.0,2021-08-24 12:45:46,60.0
274,0xf10d3079fbcfd7c6fd1b5c4807e089e5cc41b71b,Drop,149642_0xf10d3079fbcfd7c6fd1b5c4807e089e5cc41b71b_1629808594,149642,2,0xeea8e4022b8bb6019554a8d2edc4a0c059b6d29b,10.0,2021-08-24 12:36:34,20.0
275,0xf10d3079fbcfd7c6fd1b5c4807e089e5cc41b71b,Drop,149638_0xf10d3079fbcfd7c6fd1b5c4807e089e5cc41b71b_1629807016,149638,6,0x26d39fc7341567c8b0bb96382fc54f367f4298ea,11.0,2021-08-24 12:10:16,66.0
276,0x65f9deacd2eb34ea0e86be918f922ed5fcab75a0,Drop,149518_0x65f9deacd2eb34ea0e86be918f922ed5fcab75a0_1629806892,149518,1,0x40158e1d5eaa2dc589552464010fe81b1b3a23f5,11.5,2021-08-24 12:08:12,11.5
277,0x65f9deacd2eb34ea0e86be918f922ed5fcab75a0,Mythical,149526_0x65f9deacd2eb34ea0e86be918f922ed5fcab75a0_1629806628,149526,5,0xc98711a62a069675a27920af2f3287b19364f829,11.99,2021-08-24 12:03:48,59.95
278,0x0db5e7924d87d2ec27876882e7af911a58050dd1,Drop,149499_0x0db5e7924d87d2ec27876882e7af911a58050dd1_1629804844,149499,6,0x440ba306bd3c67c00668d29067085b40fd82f61b,12.05,2021-08-24 11:34:04,72.30000000000001
279,0x0db5e7924d87d2ec27876882e7af911a58050dd1,Legendary,148591_0x0db5e7924d87d2ec27876882e7af911a58050dd1_1629804786,148591,1,0xc7018c4de66b678393e7a61aca3560a2fa2bf9b0,3.1,2021-08-24 11:33:06,3.1
280,0x0db5e7924d87d2ec27876882e7af911a58050dd1,Legendary,148623_0x0db5e7924d87d2ec27876882e7af911a58050dd1_1629804778,148623,1,0xc98711a62a069675a27920af2f3287b19364f829,3.09,2021-08-24 11:32:58,3.09
281,0x47d6f96ba098816389db7c87cbf077de7181b853,Godlike,149616_0x47d6f96ba098816389db7c87cbf077de7181b853_1629804376,149616,13,0x6b557b76cdf5d5587df437a6d49833050c3b1d8f,55.0,2021-08-24 11:26:16,715.0
282,0x9a796a72c2026325040a47ef38b6781a4810a48b,Drop,149499_0x9a796a72c2026325040a47ef38b6781a4810a48b_1629800556,149499,1,0x440ba306bd3c67c00668d29067085b40fd82f61b,12.05,2021-08-24 10:22:36,12.05
283,0xf10d3079fbcfd7c6fd1b5c4807e089e5cc41b71b,Common,149608_0xf10d3079fbcfd7c6fd1b5c4807e089e5cc41b71b_1629800522,149608,65,0xe21dec4c014d5edb3ae187d7ca4620ed7c32be8f,0.05,2021-08-24 10:22:02,3.25
284,0x03b16ab6e23bdbeeab719d8e4c49d63674876253,Drop,149499_0x03b16ab6e23bdbeeab719d8e4c49d63674876253_1629799276,149499,10,0x440ba306bd3c67c00668d29067085b40fd82f61b,12.05,2021-08-24 10:01:16,120.5
285,0x5b916deda9f016da8e3322beaf2c2336f0409813,Uncommon,149473_0x5b916deda9f016da8e3322beaf2c2336f0409813_1629798096,149473,1,0x6be7b13539bbf6d3ef62c157443e008f43a3c4c2,0.38,2021-08-24 09:41:36,0.38
286,0x5f2b6648a7b62bea1b4bc31edc318365fa7bb0ff,Legendary,148623_0x5f2b6648a7b62bea1b4bc31edc318365fa7bb0ff_1629795405,148623,1,0xc98711a62a069675a27920af2f3287b19364f829,3.09,2021-08-24 08:56:45,3.09
287,0xf10d3079fbcfd7c6fd1b5c4807e089e5cc41b71b,Drop,149599_0xf10d3079fbcfd7c6fd1b5c4807e089e5cc41b71b_1629795325,149599,1,0xf759597366e0ea7e2104ef8b46e0d91709610493,11.0,2021-08-24 08:55:25,11.0
288,0x21093221dd3d0d17c01846053f9d75a64c3ae5fc,Legendary,148623_0x21093221dd3d0d17c01846053f9d75a64c3ae5fc_1629791600,148623,1,0xc98711a62a069675a27920af2f3287b19364f829,3.09,2021-08-24 07:53:20,3.09
289,0xee63d9ca6ecaa334ba0c3311b3dbd5de0132ba4c,Mythical,149482_0xee63d9ca6ecaa334ba0c3311b3dbd5de0132ba4c_1629790256,149482,3,0x1c1538ed4bd82d76dc5f240ebafc02b00cbb823d,12.0,2021-08-24 07:30:56,36.0
290,0x11b1785d9ac81480c03210e89f1508c8c115888e,Drop,131411_0x11b1785d9ac81480c03210e89f1508c8c115888e_1629789523,131411,1,0xff3857921decd6c871c1fce6c414a1a130865638,21.0,2021-08-24 07:18:43,21.0
291,0xf10d3079fbcfd7c6fd1b5c4807e089e5cc41b71b,Legendary,149574_0xf10d3079fbcfd7c6fd1b5c4807e089e5cc41b71b_1629788055,149574,1,0x42113ec9d1fa7818cd30b0e54deb7308723b414d,2.0,2021-08-24 06:54:15,2.0
292,0xf10d3079fbcfd7c6fd1b5c4807e089e5cc41b71b,Drop,149557_0xf10d3079fbcfd7c6fd1b5c4807e089e5cc41b71b_1629779564,149557,1,0x107e78d87005a76b1dc787c2e3dd7986bb47568b,10.0,2021-08-24 04:32:44,10.0
293,0xf10d3079fbcfd7c6fd1b5c4807e089e5cc41b71b,Rare,149555_0xf10d3079fbcfd7c6fd1b5c4807e089e5cc41b71b_1629779560,149555,16,0xaede4bf4ca6b456cc23a18bf01acf66ce678d4db,0.51,2021-08-24 04:32:40,8.16
294,0x41246a417c123ec0da4eaef2f309fe1796e7e69d,Drop,147960_0x41246a417c123ec0da4eaef2f309fe1796e7e69d_1629776682,147960,2,0x28798ceb373c4ecefa069ea6b5bab2b1d8bebd7c,12.9,2021-08-24 03:44:42,25.8
295,0x41246a417c123ec0da4eaef2f309fe1796e7e69d,Drop,147793_0x41246a417c123ec0da4eaef2f309fe1796e7e69d_1629776618,147793,2,0xeea8e4022b8bb6019554a8d2edc4a0c059b6d29b,12.8,2021-08-24 03:43:38,25.6
296,0x41246a417c123ec0da4eaef2f309fe1796e7e69d,Drop,147721_0x41246a417c123ec0da4eaef2f309fe1796e7e69d_1629776568,147721,2,0xd1ccab6b1f4606d80106b52a4415985ab78cbb93,12.75,2021-08-24 03:42:48,25.5
297,0x41246a417c123ec0da4eaef2f309fe1796e7e69d,Drop,147806_0x41246a417c123ec0da4eaef2f309fe1796e7e69d_1629776498,147806,1,0x7e9a6b14e78bf18bd483d208af423b96ab5075a4,12.7,2021-08-24 03:41:38,12.7
298,0x41246a417c123ec0da4eaef2f309fe1796e7e69d,Drop,148424_0x41246a417c123ec0da4eaef2f309fe1796e7e69d_1629776466,148424,1,0x253f5042bb85f82a8085c1ad34aab6106ab7e9a8,12.5,2021-08-24 03:41:06,12.5
299,0xf10d3079fbcfd7c6fd1b5c4807e089e5cc41b71b,Drop,149520_0xf10d3079fbcfd7c6fd1b5c4807e089e5cc41b71b_1629775286,149520,8,0x26d39fc7341567c8b0bb96382fc54f367f4298ea,11.0,2021-08-24 03:21:26,88.0
300,0x26b350f462ae30ec1c48c36ba944ab66f06dafee,Godlike,148144_0x26b350f462ae30ec1c48c36ba944ab66f06dafee_1629774766,148144,1,0x7af23cc86f3d96f079d5a56d0a89ebcb281060d5,62.0,2021-08-24 03:12:46,62.0
301,0x26b350f462ae30ec1c48c36ba944ab66f06dafee,Drop,144213_0x26b350f462ae30ec1c48c36ba944ab66f06dafee_1629774502,144213,5,0xfe0a01867d43f340df8910ef24fd1cb2371e1216,14.0,2021-08-24 03:08:22,70.0
302,0x26b350f462ae30ec1c48c36ba944ab66f06dafee,Drop,146744_0x26b350f462ae30ec1c48c36ba944ab66f06dafee_1629774458,146744,1,0xc1d9b5f14ff46a9575d7f95acf5589fb9e2c58a5,13.0,2021-08-24 03:07:38,13.0
303,0x13fcaddb4ccdd329ebf6d5a5614624e59be598d1,Drop,148284_0x13fcaddb4ccdd329ebf6d5a5614624e59be598d1_1629771422,148284,15,0xf48b4c067b4816dbc0a65333e9e81ca6d8a17002,12.98,2021-08-24 02:17:02,194.70000000000002
304,0x13fcaddb4ccdd329ebf6d5a5614624e59be598d1,Drop,149218_0x13fcaddb4ccdd329ebf6d5a5614624e59be598d1_1629771254,149218,17,0xf7e326856009c52e9842b135723194eeba53a5df,12.83,2021-08-24 02:14:14,218.11
305,0x13fcaddb4ccdd329ebf6d5a5614624e59be598d1,Drop,147474_0x13fcaddb4ccdd329ebf6d5a5614624e59be598d1_1629771254,147474,5,0xbf7a6cacc4c07dafa188684559503df8841b7f00,12.87,2021-08-24 02:14:14,64.35
306,0x13fcaddb4ccdd329ebf6d5a5614624e59be598d1,Drop,147277_0x13fcaddb4ccdd329ebf6d5a5614624e59be598d1_1629771254,147277,3,0x7f04265ddc191ce6890315d1405abad21baba3d2,12.9,2021-08-24 02:14:14,38.7
307,0x53d3a17469221ed2ebc7c31c687be6b16676cd58,Rare,149375_0x53d3a17469221ed2ebc7c31c687be6b16676cd58_1629767315,149375,1,0xeb18350001a3f58f486da90535865e58db6b22ca,0.699,2021-08-24 01:08:35,0.699
308,0x53d3a17469221ed2ebc7c31c687be6b16676cd58,Drop,149218_0x53d3a17469221ed2ebc7c31c687be6b16676cd58_1629767269,149218,1,0xf7e326856009c52e9842b135723194eeba53a5df,12.83,2021-08-24 01:07:49,12.83
309,0x53d3a17469221ed2ebc7c31c687be6b16676cd58,Rare,149375_0x53d3a17469221ed2ebc7c31c687be6b16676cd58_1629765093,149375,1,0xeb18350001a3f58f486da90535865e58db6b22ca,0.699,2021-08-24 00:31:33,0.699
310,0x0a097a28a9ecdef27380bed164eedca0561accfd,Drop,149355_0x0a097a28a9ecdef27380bed164eedca0561accfd_1629757151,149355,2,0xb7c575c5e12d6c6c51b31b69553cf262dd2d4e6a,12.0,2021-08-23 22:19:11,24.0
311,0x0a097a28a9ecdef27380bed164eedca0561accfd,Drop,149355_0x0a097a28a9ecdef27380bed164eedca0561accfd_1629756975,149355,1,0xb7c575c5e12d6c6c51b31b69553cf262dd2d4e6a,12.0,2021-08-23 22:16:15,12.0
312,0x352ac32c9663fb7caac363f77b121c34d9acb420,Common,149261_0x352ac32c9663fb7caac363f77b121c34d9acb420_1629747382,149261,33,0x6d807e6564d90de613e2280a3e943c32a57e18d6,0.073,2021-08-23 19:36:22,2.409
313,0x352ac32c9663fb7caac363f77b121c34d9acb420,Legendary,149133_0x352ac32c9663fb7caac363f77b121c34d9acb420_1629747254,149133,1,0xc23f9f5c58cb582478b9735d191e8bbdbe25902f,3.1,2021-08-23 19:34:14,3.1
314,0x352ac32c9663fb7caac363f77b121c34d9acb420,Mythical,149258_0x352ac32c9663fb7caac363f77b121c34d9acb420_1629747148,149258,1,0x37e4bac8ab9433acca9b62dfed849600fda5eaf0,12.25,2021-08-23 19:32:28,12.25
315,0xa915023b3ed1e00e078789e63de079b4d6dcc348,Rare,149082_0xa915023b3ed1e00e078789e63de079b4d6dcc348_1629746769,149082,4,0x36b08dba9335dd28c444b63ebff12fcf014007fe,0.699,2021-08-23 19:26:09,2.796
316,0xa915023b3ed1e00e078789e63de079b4d6dcc348,Rare,149082_0xa915023b3ed1e00e078789e63de079b4d6dcc348_1629746711,149082,34,0x36b08dba9335dd28c444b63ebff12fcf014007fe,0.699,2021-08-23 19:25:11,23.766
317,0xa915023b3ed1e00e078789e63de079b4d6dcc348,Uncommon,148802_0xa915023b3ed1e00e078789e63de079b4d6dcc348_1629746661,148802,4,0x6d8489e51f089624d804978ebcd0e5d890a581e3,0.39,2021-08-23 19:24:21,1.56
318,0xa915023b3ed1e00e078789e63de079b4d6dcc348,Uncommon,145814_0xa915023b3ed1e00e078789e63de079b4d6dcc348_1629746651,145814,8,0x5c2ad3c20541228e7b69c45df57e1aa1fe22d584,0.39,2021-08-23 19:24:11,3.12
319,0xa915023b3ed1e00e078789e63de079b4d6dcc348,Uncommon,148762_0xa915023b3ed1e00e078789e63de079b4d6dcc348_1629746647,148762,4,0xf8c8e966a9a9bf6c353191e3e22588438d99d7ee,0.38,2021-08-23 19:24:07,1.52
320,0xa915023b3ed1e00e078789e63de079b4d6dcc348,Uncommon,149061_0xa915023b3ed1e00e078789e63de079b4d6dcc348_1629746627,149061,8,0xbad84ec71ee838d3826f69053315aa229ac1a164,0.37,2021-08-23 19:23:47,2.96
321,0xf3fbb2c0a711529ef9b81fe59a5ef5b8f1e0eb27,Rare,148729_0xf3fbb2c0a711529ef9b81fe59a5ef5b8f1e0eb27_1629745535,148729,10,0x4c6c57f79c447b8e37c9cddc1f5ca479a5dc2206,0.735,2021-08-23 19:05:35,7.35
322,0xf3fbb2c0a711529ef9b81fe59a5ef5b8f1e0eb27,Mythical,149076_0xf3fbb2c0a711529ef9b81fe59a5ef5b8f1e0eb27_1629745493,149076,2,0x760ba4580bbc2cdb1a71f9cbd896196e5d4afca3,12.35,2021-08-23 19:04:53,24.7
323,0xf3fbb2c0a711529ef9b81fe59a5ef5b8f1e0eb27,Legendary,149135_0xf3fbb2c0a711529ef9b81fe59a5ef5b8f1e0eb27_1629745447,149135,1,0xa3a7032e9c986fddf4cf83a9b27829aafed487d5,3.0666,2021-08-23 19:04:07,3.0666
324,0x352ac32c9663fb7caac363f77b121c34d9acb420,Common,149114_0x352ac32c9663fb7caac363f77b121c34d9acb420_1629745447,149114,30,0x36b08dba9335dd28c444b63ebff12fcf014007fe,0.07444,2021-08-23 19:04:07,2.2332
325,0x352ac32c9663fb7caac363f77b121c34d9acb420,Legendary,149135_0x352ac32c9663fb7caac363f77b121c34d9acb420_1629745351,149135,1,0xa3a7032e9c986fddf4cf83a9b27829aafed487d5,3.0666,2021-08-23 19:02:31,3.0666
326,0x352ac32c9663fb7caac363f77b121c34d9acb420,Mythical,149258_0x352ac32c9663fb7caac363f77b121c34d9acb420_1629745277,149258,1,0x37e4bac8ab9433acca9b62dfed849600fda5eaf0,12.25,2021-08-23 19:01:17,12.25
327,0x352ac32c9663fb7caac363f77b121c34d9acb420,Drop,149285_0x352ac32c9663fb7caac363f77b121c34d9acb420_1629745169,149285,1,0x26d39fc7341567c8b0bb96382fc54f367f4298ea,11.75,2021-08-23 18:59:29,11.75
328,0x2b29518e5ac3eda4cfc138facd6f023bffc5d65a,Drop,149285_0x2b29518e5ac3eda4cfc138facd6f023bffc5d65a_1629744655,149285,1,0x26d39fc7341567c8b0bb96382fc54f367f4298ea,11.75,2021-08-23 18:50:55,11.75
329,0x2b8562315e88fca0492d2fee254bc2a5164eaba2,Drop,149129_0x2b8562315e88fca0492d2fee254bc2a5164eaba2_1629733535,149129,1,0xdf1ea9311a66134d4dac70bde54aba03d77e1cb8,12.1,2021-08-23 15:45:35,12.1
330,0xae74d4af5310170f8b2c0227b0c8ca70c8e2c78f,Drop,149129_0xae74d4af5310170f8b2c0227b0c8ca70c8e2c78f_1629731992,149129,2,0xdf1ea9311a66134d4dac70bde54aba03d77e1cb8,12.1,2021-08-23 15:19:52,24.2
331,0xae74d4af5310170f8b2c0227b0c8ca70c8e2c78f,Drop,149215_0xae74d4af5310170f8b2c0227b0c8ca70c8e2c78f_1629731814,149215,2,0xbca6068d1e0249ce592b293cc9c38d048d1180f9,11.8,2021-08-23 15:16:54,23.6
332,0xae74d4af5310170f8b2c0227b0c8ca70c8e2c78f,Godlike,148903_0xae74d4af5310170f8b2c0227b0c8ca70c8e2c78f_1629731776,148903,3,0x830437c8d234c61ae6bffbc11f2b885e6e934554,61.98,2021-08-23 15:16:16,185.94
333,0xae74d4af5310170f8b2c0227b0c8ca70c8e2c78f,Godlike,148970_0xae74d4af5310170f8b2c0227b0c8ca70c8e2c78f_1629731734,148970,1,0x982dd304cf5d140b5c1673999ccb4e69dc1e7e53,61.5,2021-08-23 15:15:34,61.5
334,0xae74d4af5310170f8b2c0227b0c8ca70c8e2c78f,Godlike,148948_0xae74d4af5310170f8b2c0227b0c8ca70c8e2c78f_1629731696,148948,1,0xf6b917c6ec18b78bca6dbc8168ce2513467f37d9,61.5,2021-08-23 15:14:56,61.5
335,0xae74d4af5310170f8b2c0227b0c8ca70c8e2c78f,Godlike,148941_0xae74d4af5310170f8b2c0227b0c8ca70c8e2c78f_1629731613,148941,3,0xc98711a62a069675a27920af2f3287b19364f829,61.5,2021-08-23 15:13:33,184.5
336,0xae74d4af5310170f8b2c0227b0c8ca70c8e2c78f,Godlike,148967_0xae74d4af5310170f8b2c0227b0c8ca70c8e2c78f_1629731565,148967,3,0x3b02692ab73431e2e263421b1b6ecf89cdb6714c,61.49,2021-08-23 15:12:45,184.47
337,0xae74d4af5310170f8b2c0227b0c8ca70c8e2c78f,Godlike,149073_0xae74d4af5310170f8b2c0227b0c8ca70c8e2c78f_1629731401,149073,5,0x760ba4580bbc2cdb1a71f9cbd896196e5d4afca3,61.48,2021-08-23 15:10:01,307.4
338,0x8560f3aa7c2522bfeabca88bb8f5f55efe9611fe,Drop,149215_0x8560f3aa7c2522bfeabca88bb8f5f55efe9611fe_1629730903,149215,1,0xbca6068d1e0249ce592b293cc9c38d048d1180f9,11.8,2021-08-23 15:01:43,11.8
339,0x65f9deacd2eb34ea0e86be918f922ed5fcab75a0,Drop,149220_0x65f9deacd2eb34ea0e86be918f922ed5fcab75a0_1629730771,149220,5,0x3a45e2f5ab0218d7c35aec963fca64de03934057,11.7,2021-08-23 14:59:31,58.5
340,0xffea5a2cfaf1aafbb87a1fe4eed5413da45c30a0,Godlike,149227_0xffea5a2cfaf1aafbb87a1fe4eed5413da45c30a0_1629730479,149227,1,0x5524c33467183c56d37d701b6d90c1773049f16e,60.0,2021-08-23 14:54:39,60.0
341,0xf10d3079fbcfd7c6fd1b5c4807e089e5cc41b71b,Drop,149222_0xf10d3079fbcfd7c6fd1b5c4807e089e5cc41b71b_1629730047,149222,13,0x39292e0157ef646cc9ea65dc48f8f91cae009eae,11.0,2021-08-23 14:47:27,143.0
342,0x41246a417c123ec0da4eaef2f309fe1796e7e69d,Drop,149206_0x41246a417c123ec0da4eaef2f309fe1796e7e69d_1629729796,149206,100,0x39292e0157ef646cc9ea65dc48f8f91cae009eae,11.8,2021-08-23 14:43:16,1180.0
343,0xba2010e19fa7ca59982a70ff957e1f14c03e2aeb,Uncommon,149213_0xba2010e19fa7ca59982a70ff957e1f14c03e2aeb_1629729256,149213,4,0xd168b6d30a7ddf8844fa1315b1d6b5a8255e90f9,0.34,2021-08-23 14:34:16,1.36
344,0x39292e0157ef646cc9ea65dc48f8f91cae009eae,Drop,149183_0x39292e0157ef646cc9ea65dc48f8f91cae009eae_1629727756,149183,4,0x4d35f0959a19d97daa4be287c379194818299225,11.9,2021-08-23 14:09:16,47.6
345,0xba2010e19fa7ca59982a70ff957e1f14c03e2aeb,Uncommon,149137_0xba2010e19fa7ca59982a70ff957e1f14c03e2aeb_1629727740,149137,87,0x36b08dba9335dd28c444b63ebff12fcf014007fe,0.3444,2021-08-23 14:09:00,29.962799999999998
346,0xdf14100b76a5b5fd46fba22b7ac124919cffc92a,Godlike,149186_0xdf14100b76a5b5fd46fba22b7ac124919cffc92a_1629727550,149186,1,0x537ead30e74ab80e4d66eb01d5aeda10fd3fe84c,58.5,2021-08-23 14:05:50,58.5
347,0x3725354b144835d529208060b3228ff07b6faa59,Drop,148431_0x3725354b144835d529208060b3228ff07b6faa59_1629727124,148431,9,0xfde5f84662158292696a25c737bdf20facd1a963,12.29,2021-08-23 13:58:44,110.60999999999999
348,0x3725354b144835d529208060b3228ff07b6faa59,Drop,149174_0x3725354b144835d529208060b3228ff07b6faa59_1629727122,149174,10,0x26d39fc7341567c8b0bb96382fc54f367f4298ea,12.0,2021-08-23 13:58:42,120.0
349,0x3725354b144835d529208060b3228ff07b6faa59,Drop,149130_0x3725354b144835d529208060b3228ff07b6faa59_1629726564,149130,11,0xd41213c320d05c0b6882edf1021328939aa18be6,12.0,2021-08-23 13:49:24,132.0
350,0x3725354b144835d529208060b3228ff07b6faa59,Drop,147746_0x3725354b144835d529208060b3228ff07b6faa59_1629726522,147746,32,0xf7e326856009c52e9842b135723194eeba53a5df,12.88,2021-08-23 13:48:42,412.16
351,0xecc6e7b3b0f4d40b985c5ba72c05d375bacc129f,Drop,149126_0xecc6e7b3b0f4d40b985c5ba72c05d375bacc129f_1629726442,149126,1,0xd4690ced27007fed0c3fb1738b1e031d6d8092b0,12.0,2021-08-23 13:47:22,12.0
352,0x3725354b144835d529208060b3228ff07b6faa59,Drop,149149_0x3725354b144835d529208060b3228ff07b6faa59_1629726412,149149,27,0xe90e640b09fdef82c3e33f2ba2d80d4a784ba0f5,11.999,2021-08-23 13:46:52,323.973
353,0x6648e94a5bdd783bf6649d54fc2891f97c6ca22d,Rare,149134_0x6648e94a5bdd783bf6649d54fc2891f97c6ca22d_1629726039,149134,4,0xc23f9f5c58cb582478b9735d191e8bbdbe25902f,0.66,2021-08-23 13:40:39,2.64
354,0xee63d9ca6ecaa334ba0c3311b3dbd5de0132ba4c,Mythical,149132_0xee63d9ca6ecaa334ba0c3311b3dbd5de0132ba4c_1629725031,149132,6,0xc23f9f5c58cb582478b9735d191e8bbdbe25902f,12.0,2021-08-23 13:23:51,72.0
355,0xee63d9ca6ecaa334ba0c3311b3dbd5de0132ba4c,Mythical,149138_0xee63d9ca6ecaa334ba0c3311b3dbd5de0132ba4c_1629724921,149138,2,0xa3a7032e9c986fddf4cf83a9b27829aafed487d5,11.99,2021-08-23 13:22:01,23.98
356,0xee63d9ca6ecaa334ba0c3311b3dbd5de0132ba4c,Mythical,149138_0xee63d9ca6ecaa334ba0c3311b3dbd5de0132ba4c_1629724885,149138,1,0xa3a7032e9c986fddf4cf83a9b27829aafed487d5,11.99,2021-08-23 13:21:25,11.99
357,0xf2b9ec5724dc97362a53907c0b4cc0aa72369e63,Mythical,149143_0xf2b9ec5724dc97362a53907c0b4cc0aa72369e63_1629724515,149143,1,0x7fde3f63b902f408ffd681d75be29222fedf5a37,11.5,2021-08-23 13:15:15,11.5
358,0xb8972e9db4c65a681312b85b12827d0426b655f4,Legendary,149144_0xb8972e9db4c65a681312b85b12827d0426b655f4_1629724409,149144,1,0x35f87cf2c34137314d133e6b95a8cbd31de82301,3.05,2021-08-23 13:13:29,3.05
359,0xb8972e9db4c65a681312b85b12827d0426b655f4,Drop,149149_0xb8972e9db4c65a681312b85b12827d0426b655f4_1629724161,149149,3,0xe90e640b09fdef82c3e33f2ba2d80d4a784ba0f5,11.999,2021-08-23 13:09:21,35.997
360,0x2b29518e5ac3eda4cfc138facd6f023bffc5d65a,Rare,149128_0x2b29518e5ac3eda4cfc138facd6f023bffc5d65a_1629722895,149128,5,0x2a2a50c2ca7da0857791bd480e30da84b4b0310b,0.66,2021-08-23 12:48:15,3.3000000000000003
361,0x986b6145f7760136afc4a6a35b343e217d6ef4d6,Drop,149120_0x986b6145f7760136afc4a6a35b343e217d6ef4d6_1629721196,149120,1,0x1a5f8687ae4290c21c867c8e09496c4a83f9e981,12.28,2021-08-23 12:19:56,12.28
362,0x0db5e7924d87d2ec27876882e7af911a58050dd1,Mythical,149076_0x0db5e7924d87d2ec27876882e7af911a58050dd1_1629720998,149076,5,0x760ba4580bbc2cdb1a71f9cbd896196e5d4afca3,12.35,2021-08-23 12:16:38,61.75
363,0xffea5a2cfaf1aafbb87a1fe4eed5413da45c30a0,Legendary,148623_0xffea5a2cfaf1aafbb87a1fe4eed5413da45c30a0_1629720864,148623,2,0xc98711a62a069675a27920af2f3287b19364f829,3.09,2021-08-23 12:14:24,6.18
364,0xffea5a2cfaf1aafbb87a1fe4eed5413da45c30a0,Legendary,149039_0xffea5a2cfaf1aafbb87a1fe4eed5413da45c30a0_1629720792,149039,1,0x9a24f0639e1e7ab9e4d18bf588731057131f165b,3.08,2021-08-23 12:13:12,3.08
365,0xffea5a2cfaf1aafbb87a1fe4eed5413da45c30a0,Legendary,149111_0xffea5a2cfaf1aafbb87a1fe4eed5413da45c30a0_1629720744,149111,1,0x42113ec9d1fa7818cd30b0e54deb7308723b414d,3.0,2021-08-23 12:12:24,3.0
366,0x41246a417c123ec0da4eaef2f309fe1796e7e69d,Drop,148767_0x41246a417c123ec0da4eaef2f309fe1796e7e69d_1629720688,148767,115,0x440ba306bd3c67c00668d29067085b40fd82f61b,12.1,2021-08-23 12:11:28,1391.5
367,0x0db5e7924d87d2ec27876882e7af911a58050dd1,Drop,148767_0x0db5e7924d87d2ec27876882e7af911a58050dd1_1629717797,148767,75,0x440ba306bd3c67c00668d29067085b40fd82f61b,12.1,2021-08-23 11:23:17,907.5
368,0x2b29518e5ac3eda4cfc138facd6f023bffc5d65a,Uncommon,149115_0x2b29518e5ac3eda4cfc138facd6f023bffc5d65a_1629717777,149115,88,0x36b08dba9335dd28c444b63ebff12fcf014007fe,0.3444,2021-08-23 11:22:57,30.307199999999998
369,0x2b29518e5ac3eda4cfc138facd6f023bffc5d65a,Rare,149103_0x2b29518e5ac3eda4cfc138facd6f023bffc5d65a_1629717585,149103,2,0x00df64b8044aa7126e0f88f286b3c483c5e5927a,0.66,2021-08-23 11:19:45,1.32
370,0xb8972e9db4c65a681312b85b12827d0426b655f4,Drop,148767_0xb8972e9db4c65a681312b85b12827d0426b655f4_1629716725,148767,1,0x440ba306bd3c67c00668d29067085b40fd82f61b,12.1,2021-08-23 11:05:25,12.1
371,0x1c17257368a549095b57a77dde9e51bb10e27575,Common,149097_0x1c17257368a549095b57a77dde9e51bb10e27575_1629716467,149097,396,0x1a8d886d3a4a2d2aeb817ebb781f0683351538b1,0.07444,2021-08-23 11:01:07,29.478240000000003
372,0x636db7553dfb9c87dce1a5edf117edcaff1b650a,Drop,149083_0x636db7553dfb9c87dce1a5edf117edcaff1b650a_1629716353,149083,1,0x4a64b2820a06a67ee878157a7f48611463d6bd78,12.0,2021-08-23 10:59:13,12.0
373,0x636db7553dfb9c87dce1a5edf117edcaff1b650a,Godlike,149092_0x636db7553dfb9c87dce1a5edf117edcaff1b650a_1629716261,149092,1,0xeea8e4022b8bb6019554a8d2edc4a0c059b6d29b,60.0,2021-08-23 10:57:41,60.0
374,0x636db7553dfb9c87dce1a5edf117edcaff1b650a,Drop,149100_0x636db7553dfb9c87dce1a5edf117edcaff1b650a_1629716121,149100,4,0x5173b8ea30cbcffa8e049b762f2d1a92c21b02c9,11.97,2021-08-23 10:55:21,47.88
375,0x636db7553dfb9c87dce1a5edf117edcaff1b650a,Drop,149100_0x636db7553dfb9c87dce1a5edf117edcaff1b650a_1629715927,149100,1,0x5173b8ea30cbcffa8e049b762f2d1a92c21b02c9,11.97,2021-08-23 10:52:07,11.97
376,0xb8972e9db4c65a681312b85b12827d0426b655f4,Legendary,148722_0xb8972e9db4c65a681312b85b12827d0426b655f4_1629715927,148722,1,0x9da5a447b5d10b9a6171fe35aa595543ea6e9d69,3.08,2021-08-23 10:52:07,3.08
377,0x39292e0157ef646cc9ea65dc48f8f91cae009eae,Drop,149093_0x39292e0157ef646cc9ea65dc48f8f91cae009eae_1629715823,149093,11,0x00662595f4d9f4cf150ac29d39212be496f8d133,11.99,2021-08-23 10:50:23,131.89000000000001
378,0x60523cd3f5cf0061c6f042545371fa6ff8cd397b,Drop,148767_0x60523cd3f5cf0061c6f042545371fa6ff8cd397b_1629715036,148767,2,0x440ba306bd3c67c00668d29067085b40fd82f61b,12.1,2021-08-23 10:37:16,24.2
379,0x2b29518e5ac3eda4cfc138facd6f023bffc5d65a,Common,149053_0x2b29518e5ac3eda4cfc138facd6f023bffc5d65a_1629713796,149053,1,0x36b08dba9335dd28c444b63ebff12fcf014007fe,0.08245,2021-08-23 10:16:36,0.08245
380,0xae74d4af5310170f8b2c0227b0c8ca70c8e2c78f,Drop,148989_0xae74d4af5310170f8b2c0227b0c8ca70c8e2c78f_1629713621,148989,7,0xc7ca46dcc1ddaad78081b12f64bd61d9f0f2f22d,12.05,2021-08-23 10:13:41,84.35000000000001
381,0x8f7d7e9adfa6da73273391c57bab0ef22651c7bb,Drop,149075_0x8f7d7e9adfa6da73273391c57bab0ef22651c7bb_1629713591,149075,1,0x5bcbaba9704f625bdb7eb1d8a3c305737916e6ff,12.0,2021-08-23 10:13:11,12.0
382,0x0bcdc503f78bff5dc7b867c6740226d9621117b1,Drop,149052_0x0bcdc503f78bff5dc7b867c6740226d9621117b1_1629713517,149052,3,0x1a5f8687ae4290c21c867c8e09496c4a83f9e981,12.0,2021-08-23 10:11:57,36.0
383,0x2b29518e5ac3eda4cfc138facd6f023bffc5d65a,Rare,149037_0x2b29518e5ac3eda4cfc138facd6f023bffc5d65a_1629713323,149037,48,0x36b08dba9335dd28c444b63ebff12fcf014007fe,0.6949,2021-08-23 10:08:43,33.355199999999996
384,0xee63d9ca6ecaa334ba0c3311b3dbd5de0132ba4c,Mythical,149071_0xee63d9ca6ecaa334ba0c3311b3dbd5de0132ba4c_1629712826,149071,1,0xbdbf4fa859c64d4146389daab9b4f3902517e632,12.0,2021-08-23 10:00:26,12.0
385,0xee63d9ca6ecaa334ba0c3311b3dbd5de0132ba4c,Legendary,149043_0xee63d9ca6ecaa334ba0c3311b3dbd5de0132ba4c_1629712250,149043,2,0x437986e69719dc68d2792e200d75c7ec901415d3,3.0,2021-08-23 09:50:50,6.0
386,0xee63d9ca6ecaa334ba0c3311b3dbd5de0132ba4c,Legendary,149031_0xee63d9ca6ecaa334ba0c3311b3dbd5de0132ba4c_1629712200,149031,2,0xcba6c56f2ae7ada25a69a98252c064d4ea079d7f,3.0,2021-08-23 09:50:00,6.0
387,0xee63d9ca6ecaa334ba0c3311b3dbd5de0132ba4c,Mythical,149064_0xee63d9ca6ecaa334ba0c3311b3dbd5de0132ba4c_1629712134,149064,3,0x9bb1d0cfe96e22830079dad7d589bb011769ee51,12.0,2021-08-23 09:48:54,36.0
388,0xee63d9ca6ecaa334ba0c3311b3dbd5de0132ba4c,Godlike,149029_0xee63d9ca6ecaa334ba0c3311b3dbd5de0132ba4c_1629711986,149029,2,0xcba6c56f2ae7ada25a69a98252c064d4ea079d7f,60.0,2021-08-23 09:46:26,120.0
389,0xcbc73c8c9b7bad765515519260b81fd61daf46af,Godlike,149054_0xcbc73c8c9b7bad765515519260b81fd61daf46af_1629709730,149054,1,0xfa7bd4b2b8ec60b35d881131f71d364a76cad888,59.0,2021-08-23 09:08:50,59.0
390,0x03b16ab6e23bdbeeab719d8e4c49d63674876253,Drop,149020_0x03b16ab6e23bdbeeab719d8e4c49d63674876253_1629706548,149020,1,0xfc0a377a5fc12772da313d3a11843562f80b2639,12.0,2021-08-23 08:15:48,12.0
391,0x03b16ab6e23bdbeeab719d8e4c49d63674876253,Drop,148973_0x03b16ab6e23bdbeeab719d8e4c49d63674876253_1629706522,148973,1,0xf759597366e0ea7e2104ef8b46e0d91709610493,12.0,2021-08-23 08:15:22,12.0
392,0x03b16ab6e23bdbeeab719d8e4c49d63674876253,Drop,148898_0x03b16ab6e23bdbeeab719d8e4c49d63674876253_1629706514,148898,1,0x002d2715b179d0db3e17cc28317a98f2f65e6884,12.0,2021-08-23 08:15:14,12.0
393,0x03b16ab6e23bdbeeab719d8e4c49d63674876253,Drop,148898_0x03b16ab6e23bdbeeab719d8e4c49d63674876253_1629705966,148898,2,0x002d2715b179d0db3e17cc28317a98f2f65e6884,12.0,2021-08-23 08:06:06,24.0
394,0x1a8d886d3a4a2d2aeb817ebb781f0683351538b1,Drop,149026_0x1a8d886d3a4a2d2aeb817ebb781f0683351538b1_1629705518,149026,2,0xdc9f1ffd7164b3727f6513b49f9f982218d9c596,11.5,2021-08-23 07:58:38,23.0
395,0xf10d3079fbcfd7c6fd1b5c4807e089e5cc41b71b,Drop,149024_0xf10d3079fbcfd7c6fd1b5c4807e089e5cc41b71b_1629704920,149024,12,0x857d291aefe194a62df598a79bd9bfc2f1ad38a2,11.0,2021-08-23 07:48:40,132.0
396,0x2b29518e5ac3eda4cfc138facd6f023bffc5d65a,Rare,149006_0x2b29518e5ac3eda4cfc138facd6f023bffc5d65a_1629704898,149006,5,0x803a825aefd309a1fe5d7203bd29dbab4b01fc56,0.7,2021-08-23 07:48:18,3.5
397,0x39292e0157ef646cc9ea65dc48f8f91cae009eae,Drop,148969_0x39292e0157ef646cc9ea65dc48f8f91cae009eae_1629703993,148969,7,0x7bb85b553c04cf2dfcbbdac998ea3621e17236c3,12.0,2021-08-23 07:33:13,84.0
398,0x0bcdc503f78bff5dc7b867c6740226d9621117b1,Drop,148898_0x0bcdc503f78bff5dc7b867c6740226d9621117b1_1629703032,148898,7,0x002d2715b179d0db3e17cc28317a98f2f65e6884,12.0,2021-08-23 07:17:12,84.0
399,0x65f9deacd2eb34ea0e86be918f922ed5fcab75a0,Mythical,148821_0x65f9deacd2eb34ea0e86be918f922ed5fcab75a0_1629700022,148821,2,0xb006350d11a637378aab6a785a2fbc0ee3469f93,12.35,2021-08-23 06:27:02,24.7
400,0x65f9deacd2eb34ea0e86be918f922ed5fcab75a0,Mythical,148822_0x65f9deacd2eb34ea0e86be918f922ed5fcab75a0_1629699588,148822,1,0xd4f45e3688aa30338559daa96dfbf7dd1b08ad13,12.25,2021-08-23 06:19:48,12.25
401,0x41246a417c123ec0da4eaef2f309fe1796e7e69d,Drop,148900_0x41246a417c123ec0da4eaef2f309fe1796e7e69d_1629699258,148900,34,0xa72eb809bef34346b887430d970b264747a6315d,11.95,2021-08-23 06:14:18,406.29999999999995
402,0xe88632728ed377f556cb964e6f670f6017d497e4,Rare,148911_0xe88632728ed377f556cb964e6f670f6017d497e4_1629698778,148911,44,0x3238934316238ebbda1ffb229ec9a37bf66c5564,0.699,2021-08-23 06:06:18,30.755999999999997
403,0xa22f49282ffcc0f69dd401e9238efe3d580d0942,Rare,148906_0xa22f49282ffcc0f69dd401e9238efe3d580d0942_1629696826,148906,4,0xbf7725ece8c2fa6023882bb8b7d94a21b80c7e3d,0.7,2021-08-23 05:33:46,2.8
404,0xee63d9ca6ecaa334ba0c3311b3dbd5de0132ba4c,Mythical,148971_0xee63d9ca6ecaa334ba0c3311b3dbd5de0132ba4c_1629695430,148971,3,0xe20ee172c8702a1f7123e801c6637b9e97e9fb59,12.0,2021-08-23 05:10:30,36.0
405,0x409ceb81bb143a400b02445ca273b37720b7665e,Drop,148969_0x409ceb81bb143a400b02445ca273b37720b7665e_1629695024,148969,3,0x7bb85b553c04cf2dfcbbdac998ea3621e17236c3,12.0,2021-08-23 05:03:44,36.0
406,0x7833635073e9e3fbc1c07373883e04cc4f92d1b6,Drop,148900_0x7833635073e9e3fbc1c07373883e04cc4f92d1b6_1629693872,148900,10,0xa72eb809bef34346b887430d970b264747a6315d,11.95,2021-08-23 04:44:32,119.5
407,0x7833635073e9e3fbc1c07373883e04cc4f92d1b6,Common,148809_0x7833635073e9e3fbc1c07373883e04cc4f92d1b6_1629693838,148809,12,0xf9965f06588cd6ae198ac35a522ebbf4ae7d21c1,0.084,2021-08-23 04:43:58,1.008
408,0x7833635073e9e3fbc1c07373883e04cc4f92d1b6,Uncommon,148919_0x7833635073e9e3fbc1c07373883e04cc4f92d1b6_1629693812,148919,15,0xa915023b3ed1e00e078789e63de079b4d6dcc348,0.37,2021-08-23 04:43:32,5.55
409,0x7833635073e9e3fbc1c07373883e04cc4f92d1b6,Uncommon,148949_0x7833635073e9e3fbc1c07373883e04cc4f92d1b6_1629693796,148949,26,0xf6b917c6ec18b78bca6dbc8168ce2513467f37d9,0.365,2021-08-23 04:43:16,9.49
410,0x7833635073e9e3fbc1c07373883e04cc4f92d1b6,Common,141510_0x7833635073e9e3fbc1c07373883e04cc4f92d1b6_1629693784,141510,300,0xcc84cc9462e4f1f45597c584123ee31cd7e5864b,0.0888,2021-08-23 04:43:04,26.64
411,0x7833635073e9e3fbc1c07373883e04cc4f92d1b6,Common,148846_0x7833635073e9e3fbc1c07373883e04cc4f92d1b6_1629693750,148846,26,0xf8c8e966a9a9bf6c353191e3e22588438d99d7ee,0.083,2021-08-23 04:42:30,2.158
412,0x7833635073e9e3fbc1c07373883e04cc4f92d1b6,Common,141509_0x7833635073e9e3fbc1c07373883e04cc4f92d1b6_1629693726,141509,391,0x830437c8d234c61ae6bffbc11f2b885e6e934554,0.0888,2021-08-23 04:42:06,34.720800000000004
413,0x7833635073e9e3fbc1c07373883e04cc4f92d1b6,Common,148851_0x7833635073e9e3fbc1c07373883e04cc4f92d1b6_1629693706,148851,146,0xae79077d8d922d071797a7f8849430fed488c005,0.08,2021-08-23 04:41:46,11.68
414,0x7833635073e9e3fbc1c07373883e04cc4f92d1b6,Mythical,148950_0x7833635073e9e3fbc1c07373883e04cc4f92d1b6_1629693582,148950,3,0x7bb8705a3581f549c039401903251aa010ade9c6,11.9999,2021-08-23 04:39:42,35.999700000000004
415,0xb049df3c39b9726817c23efb6d58b75b83a19389,Drop,148900_0xb049df3c39b9726817c23efb6d58b75b83a19389_1629692498,148900,2,0xa72eb809bef34346b887430d970b264747a6315d,11.95,2021-08-23 04:21:38,23.9
416,0x65f9deacd2eb34ea0e86be918f922ed5fcab75a0,Mythical,148940_0x65f9deacd2eb34ea0e86be918f922ed5fcab75a0_1629692176,148940,1,0xf6ed8b6790d5eee91facf2d317941938439159d4,11.9,2021-08-23 04:16:16,11.9
417,0xa783839c4fa4e7030866ddb3869db5355a820679,Drop,148900_0xa783839c4fa4e7030866ddb3869db5355a820679_1629692074,148900,1,0xa72eb809bef34346b887430d970b264747a6315d,11.95,2021-08-23 04:14:34,11.95
418,0x352ac32c9663fb7caac363f77b121c34d9acb420,Common,148851_0x352ac32c9663fb7caac363f77b121c34d9acb420_1629689935,148851,54,0xae79077d8d922d071797a7f8849430fed488c005,0.08,2021-08-23 03:38:55,4.32
419,0x352ac32c9663fb7caac363f77b121c34d9acb420,Uncommon,148919_0x352ac32c9663fb7caac363f77b121c34d9acb420_1629689855,148919,25,0xa915023b3ed1e00e078789e63de079b4d6dcc348,0.37,2021-08-23 03:37:35,9.25
420,0x352ac32c9663fb7caac363f77b121c34d9acb420,Drop,148900_0x352ac32c9663fb7caac363f77b121c34d9acb420_1629689757,148900,1,0xa72eb809bef34346b887430d970b264747a6315d,11.95,2021-08-23 03:35:57,11.95
421,0x352ac32c9663fb7caac363f77b121c34d9acb420,Rare,148795_0x352ac32c9663fb7caac363f77b121c34d9acb420_1629689685,148795,15,0x12168aea666be756e1ad0595fed9c306442a4103,0.75,2021-08-23 03:34:45,11.25
422,0x063d6360bafe1981578e8b359c8176f359e23c26,Godlike,148905_0x063d6360bafe1981578e8b359c8176f359e23c26_1629689617,148905,1,0xc6e34e7bee3c459c99412ece5ec409caf4c9a372,60.0,2021-08-23 03:33:37,60.0
423,0x352ac32c9663fb7caac363f77b121c34d9acb420,Legendary,148909_0x352ac32c9663fb7caac363f77b121c34d9acb420_1629689615,148909,1,0x3238934316238ebbda1ffb229ec9a37bf66c5564,3.079,2021-08-23 03:33:35,3.079
424,0x79c195f60a55bde8d26f3bb38158e5b19e83746f,Drop,148900_0x79c195f60a55bde8d26f3bb38158e5b19e83746f_1629689411,148900,2,0xa72eb809bef34346b887430d970b264747a6315d,11.95,2021-08-23 03:30:11,23.9
425,0x68bdeff9aca67da30ad7e78feacb3685a5c0863f,Drop,148900_0x68bdeff9aca67da30ad7e78feacb3685a5c0863f_1629688999,148900,20,0xa72eb809bef34346b887430d970b264747a6315d,11.95,2021-08-23 03:23:19,239.0
426,0x68bdeff9aca67da30ad7e78feacb3685a5c0863f,Mythical,148899_0x68bdeff9aca67da30ad7e78feacb3685a5c0863f_1629688724,148899,8,0xe82c15d07ee5bc5274ccff897c91eb2ab1326d0d,11.9,2021-08-23 03:18:44,95.2
427,0xf10d3079fbcfd7c6fd1b5c4807e089e5cc41b71b,Rare,148917_0xf10d3079fbcfd7c6fd1b5c4807e089e5cc41b71b_1629688254,148917,13,0xaede4bf4ca6b456cc23a18bf01acf66ce678d4db,0.55,2021-08-23 03:10:54,7.15
428,0x063d6360bafe1981578e8b359c8176f359e23c26,Mythical,148899_0x063d6360bafe1981578e8b359c8176f359e23c26_1629688254,148899,1,0xe82c15d07ee5bc5274ccff897c91eb2ab1326d0d,11.9,2021-08-23 03:10:54,11.9
429,0xf10d3079fbcfd7c6fd1b5c4807e089e5cc41b71b,Godlike,148910_0xf10d3079fbcfd7c6fd1b5c4807e089e5cc41b71b_1629687526,148910,1,0x5a46449117d7a6461ad9b39d66f85ed770610e5b,50.0,2021-08-23 02:58:46,50.0
430,0xffea5a2cfaf1aafbb87a1fe4eed5413da45c30a0,Mythical,148899_0xffea5a2cfaf1aafbb87a1fe4eed5413da45c30a0_1629685541,148899,1,0xe82c15d07ee5bc5274ccff897c91eb2ab1326d0d,11.9,2021-08-23 02:25:41,11.9
431,0xb049df3c39b9726817c23efb6d58b75b83a19389,Drop,148767_0xb049df3c39b9726817c23efb6d58b75b83a19389_1629685331,148767,2,0x440ba306bd3c67c00668d29067085b40fd82f61b,12.1,2021-08-23 02:22:11,24.2
432,0xf2b9ec5724dc97362a53907c0b4cc0aa72369e63,Mythical,148876_0xf2b9ec5724dc97362a53907c0b4cc0aa72369e63_1629684883,148876,3,0xe82c15d07ee5bc5274ccff897c91eb2ab1326d0d,12.0,2021-08-23 02:14:43,36.0
433,0xf2b9ec5724dc97362a53907c0b4cc0aa72369e63,Mythical,148876_0xf2b9ec5724dc97362a53907c0b4cc0aa72369e63_1629684785,148876,9,0xe82c15d07ee5bc5274ccff897c91eb2ab1326d0d,12.0,2021-08-23 02:13:05,108.0
434,0xf8c8e966a9a9bf6c353191e3e22588438d99d7ee,Legendary,148863_0xf8c8e966a9a9bf6c353191e3e22588438d99d7ee_1629684046,148863,1,0x74144c8d95f2dc082cbfdf1a94b5374452313005,3.0,2021-08-23 02:00:46,3.0
435,0xf8c8e966a9a9bf6c353191e3e22588438d99d7ee,Mythical,148873_0xf8c8e966a9a9bf6c353191e3e22588438d99d7ee_1629684028,148873,1,0xafae1008f042b9647756cc4176226d8c9e62f422,12.0,2021-08-23 02:00:28,12.0
436,0xee63d9ca6ecaa334ba0c3311b3dbd5de0132ba4c,Drop,148845_0xee63d9ca6ecaa334ba0c3311b3dbd5de0132ba4c_1629683164,148845,2,0xe4bcc055e55baf94d03379e9b231012b5e213fa9,12.05,2021-08-23 01:46:04,24.1
437,0xee63d9ca6ecaa334ba0c3311b3dbd5de0132ba4c,Legendary,148847_0xee63d9ca6ecaa334ba0c3311b3dbd5de0132ba4c_1629683132,148847,1,0x8997ce2ec1867597f1b1927d69ff0ba39ffa9618,3.0,2021-08-23 01:45:32,3.0
438,0x2b29518e5ac3eda4cfc138facd6f023bffc5d65a,Uncommon,148850_0x2b29518e5ac3eda4cfc138facd6f023bffc5d65a_1629682749,148850,40,0xae79077d8d922d071797a7f8849430fed488c005,0.375,2021-08-23 01:39:09,15.0
439,0xf8c8e966a9a9bf6c353191e3e22588438d99d7ee,Legendary,148814_0xf8c8e966a9a9bf6c353191e3e22588438d99d7ee_1629682102,148814,1,0xf1b3f2898b080e8b06b38ea7ac6df8c6ceff5a89,3.0,2021-08-23 01:28:22,3.0
440,0x2b29518e5ac3eda4cfc138facd6f023bffc5d65a,Rare,148843_0x2b29518e5ac3eda4cfc138facd6f023bffc5d65a_1629680931,148843,20,0x7ddc24e42237527a327c3073e156845b8e4cf242,0.7,2021-08-23 01:08:51,14.0
441,0xb7c1a60c0fe85abafe1b82641339fc509bed2e5c,Mythical,148827_0xb7c1a60c0fe85abafe1b82641339fc509bed2e5c_1629680561,148827,1,0x831a97e402955efb4c72e96b80490a4e45a1d02c,12.25,2021-08-23 01:02:41,12.25
442,0x2b29518e5ac3eda4cfc138facd6f023bffc5d65a,Rare,148786_0x2b29518e5ac3eda4cfc138facd6f023bffc5d65a_1629680057,148786,17,0xf8c8e966a9a9bf6c353191e3e22588438d99d7ee,0.71,2021-08-23 00:54:17,12.07
443,0xef291527c74d6c10b6b533d0ee45ab9c92669c5c,Drop,148767_0xef291527c74d6c10b6b533d0ee45ab9c92669c5c_1629679292,148767,1,0x440ba306bd3c67c00668d29067085b40fd82f61b,12.1,2021-08-23 00:41:32,12.1
444,0xf2b9ec5724dc97362a53907c0b4cc0aa72369e63,Drop,148823_0xf2b9ec5724dc97362a53907c0b4cc0aa72369e63_1629677522,148823,1,0xd31bac2ee675cf904a68da14ba80efb9b405a4f5,12.0,2021-08-23 00:12:02,12.0
445,0xf2b9ec5724dc97362a53907c0b4cc0aa72369e63,Drop,148818_0xf2b9ec5724dc97362a53907c0b4cc0aa72369e63_1629675096,148818,5,0x26d39fc7341567c8b0bb96382fc54f367f4298ea,12.0,2021-08-22 23:31:36,60.0
446,0x5551fa79f15ca4592a3950372fd3d4ee8be7b5cc,Drop,148767_0x5551fa79f15ca4592a3950372fd3d4ee8be7b5cc_1629673411,148767,4,0x440ba306bd3c67c00668d29067085b40fd82f61b,12.1,2021-08-22 23:03:31,48.4
447,0x5551fa79f15ca4592a3950372fd3d4ee8be7b5cc,Drop,148745_0x5551fa79f15ca4592a3950372fd3d4ee8be7b5cc_1629673411,148745,5,0x3a45e2f5ab0218d7c35aec963fca64de03934057,12.1,2021-08-22 23:03:31,60.5
448,0x2b29518e5ac3eda4cfc138facd6f023bffc5d65a,Rare,148813_0x2b29518e5ac3eda4cfc138facd6f023bffc5d65a_1629672482,148813,11,0xf1b3f2898b080e8b06b38ea7ac6df8c6ceff5a89,0.65,2021-08-22 22:48:02,7.15
449,0x03b16ab6e23bdbeeab719d8e4c49d63674876253,Drop,148745_0x03b16ab6e23bdbeeab719d8e4c49d63674876253_1629672284,148745,1,0x3a45e2f5ab0218d7c35aec963fca64de03934057,12.1,2021-08-22 22:44:44,12.1
450,0x1ef7c913738bd9257dad44fcd7bb3041d9caaa19,Drop,148803_0x1ef7c913738bd9257dad44fcd7bb3041d9caaa19_1629670184,148803,2,0x151eaaa48bbd08b7cc37b52216cf54f54c41b24b,12.0,2021-08-22 22:09:44,24.0
451,0x8e8799f356f49f1e65d6afe729d5a7fbb9bf0db8,Drop,148745_0x8e8799f356f49f1e65d6afe729d5a7fbb9bf0db8_1629669886,148745,5,0x3a45e2f5ab0218d7c35aec963fca64de03934057,12.1,2021-08-22 22:04:46,60.5
452,0xae9b3c5de2f78b71c583ae17782e9a0870f3b6e5,Drop,148760_0xae9b3c5de2f78b71c583ae17782e9a0870f3b6e5_1629669660,148760,4,0x5173b8ea30cbcffa8e049b762f2d1a92c21b02c9,11.99,2021-08-22 22:01:00,47.96
453,0xf8c8e966a9a9bf6c353191e3e22588438d99d7ee,Drop,148760_0xf8c8e966a9a9bf6c353191e3e22588438d99d7ee_1629666985,148760,2,0x5173b8ea30cbcffa8e049b762f2d1a92c21b02c9,11.99,2021-08-22 21:16:25,23.98
454,0x352ac32c9663fb7caac363f77b121c34d9acb420,Uncommon,148762_0x352ac32c9663fb7caac363f77b121c34d9acb420_1629665020,148762,17,0xf8c8e966a9a9bf6c353191e3e22588438d99d7ee,0.38,2021-08-22 20:43:40,6.46
455,0xf8c8e966a9a9bf6c353191e3e22588438d99d7ee,Common,142292_0xf8c8e966a9a9bf6c353191e3e22588438d99d7ee_1629664928,142292,229,0x7f04265ddc191ce6890315d1405abad21baba3d2,0.08,2021-08-22 20:42:08,18.32
456,0x352ac32c9663fb7caac363f77b121c34d9acb420,Common,146045_0x352ac32c9663fb7caac363f77b121c34d9acb420_1629664458,146045,83,0x57c153a375fcd2c29ae79215216fd4a7024befd0,0.087,2021-08-22 20:34:18,7.220999999999999
457,0x352ac32c9663fb7caac363f77b121c34d9acb420,Common,148268_0x352ac32c9663fb7caac363f77b121c34d9acb420_1629664308,148268,16,0xc6641daf8c5896dc75a6aa845dc3717a738c02d7,0.08,2021-08-22 20:31:48,1.28
458,0x352ac32c9663fb7caac363f77b121c34d9acb420,Common,148759_0x352ac32c9663fb7caac363f77b121c34d9acb420_1629664205,148759,21,0xf8c8e966a9a9bf6c353191e3e22588438d99d7ee,0.079,2021-08-22 20:30:05,1.659
459,0x352ac32c9663fb7caac363f77b121c34d9acb420,Rare,148758_0x352ac32c9663fb7caac363f77b121c34d9acb420_1629664131,148758,2,0xaccccc99767209dbfbec22a9673bea9864fbb1cd,0.72,2021-08-22 20:28:51,1.44
460,0xd1b2de1ffe6afa6b98cfd2b0b361349ebf6fdf70,Rare,148758_0xd1b2de1ffe6afa6b98cfd2b0b361349ebf6fdf70_1629663762,148758,1,0xaccccc99767209dbfbec22a9673bea9864fbb1cd,0.72,2021-08-22 20:22:42,0.72
461,0xf8c8e966a9a9bf6c353191e3e22588438d99d7ee,Drop,148760_0xf8c8e966a9a9bf6c353191e3e22588438d99d7ee_1629663574,148760,5,0x5173b8ea30cbcffa8e049b762f2d1a92c21b02c9,11.99,2021-08-22 20:19:34,59.95
462,0xf8c8e966a9a9bf6c353191e3e22588438d99d7ee,Uncommon,133573_0xf8c8e966a9a9bf6c353191e3e22588438d99d7ee_1629663131,133573,1,0xa709f05606a95d75af8d8a3e36dedc0ae74f598b,0.39,2021-08-22 20:12:11,0.39
463,0xf8c8e966a9a9bf6c353191e3e22588438d99d7ee,Drop,148745_0xf8c8e966a9a9bf6c353191e3e22588438d99d7ee_1629662747,148745,2,0x3a45e2f5ab0218d7c35aec963fca64de03934057,12.1,2021-08-22 20:05:47,24.2
464,0xf8c8e966a9a9bf6c353191e3e22588438d99d7ee,Common,147594_0xf8c8e966a9a9bf6c353191e3e22588438d99d7ee_1629662597,147594,13,0xf9965f06588cd6ae198ac35a522ebbf4ae7d21c1,0.075,2021-08-22 20:03:17,0.975
465,0xf8c8e966a9a9bf6c353191e3e22588438d99d7ee,Common,148417_0xf8c8e966a9a9bf6c353191e3e22588438d99d7ee_1629661714,148417,18,0x5b9a7afc074156b737e93e37cc3250239ecf7d64,0.07,2021-08-22 19:48:34,1.2600000000000002
466,0xf8c8e966a9a9bf6c353191e3e22588438d99d7ee,Common,146661_0xf8c8e966a9a9bf6c353191e3e22588438d99d7ee_1629661664,146661,20,0x0b31e9737fee75157a9aa775e35a43dec1dc2059,0.068,2021-08-22 19:47:44,1.36
467,0xf8c8e966a9a9bf6c353191e3e22588438d99d7ee,Common,148107_0xf8c8e966a9a9bf6c353191e3e22588438d99d7ee_1629661608,148107,43,0x7742d70cb3ae62e4d7958c5eaf6c0a45cdc9ca9e,0.067,2021-08-22 19:46:48,2.8810000000000002
468,0xf8c8e966a9a9bf6c353191e3e22588438d99d7ee,Uncommon,145802_0xf8c8e966a9a9bf6c353191e3e22588438d99d7ee_1629661540,145802,5,0xa569388a471b80deb522306d5e7cd7eb92b2c18e,0.36,2021-08-22 19:45:40,1.7999999999999998
469,0xf8c8e966a9a9bf6c353191e3e22588438d99d7ee,Common,148143_0xf8c8e966a9a9bf6c353191e3e22588438d99d7ee_1629661456,148143,27,0x6d807e6564d90de613e2280a3e943c32a57e18d6,0.066,2021-08-22 19:44:16,1.782
470,0xf8c8e966a9a9bf6c353191e3e22588438d99d7ee,Uncommon,148286_0xf8c8e966a9a9bf6c353191e3e22588438d99d7ee_1629661316,148286,22,0x416dd1df3ba992badc0121eed9f945868c13982f,0.35,2021-08-22 19:41:56,7.699999999999999
471,0x4e7bf3694962fc482a16d60fd78f99db9c4c52b0,Mythical,148538_0x4e7bf3694962fc482a16d60fd78f99db9c4c52b0_1629660399,148538,12,0xcc84cc9462e4f1f45597c584123ee31cd7e5864b,12.77,2021-08-22 19:26:39,153.24
472,0xf10d3079fbcfd7c6fd1b5c4807e089e5cc41b71b,Godlike,148716_0xf10d3079fbcfd7c6fd1b5c4807e089e5cc41b71b_1629660037,148716,1,0xbec2a2bef3566474975efa9a9c6455840dc0a2c5,55.0,2021-08-22 19:20:37,55.0
473,0x4177a5c0e2369f6830a4c3825afc8fb3dd47790d,Legendary,148623_0x4177a5c0e2369f6830a4c3825afc8fb3dd47790d_1629659882,148623,5,0xc98711a62a069675a27920af2f3287b19364f829,3.09,2021-08-22 19:18:02,15.45
474,0x352ac32c9663fb7caac363f77b121c34d9acb420,Common,147594_0x352ac32c9663fb7caac363f77b121c34d9acb420_1629659882,147594,32,0xf9965f06588cd6ae198ac35a522ebbf4ae7d21c1,0.075,2021-08-22 19:18:02,2.4
475,0xe88632728ed377f556cb964e6f670f6017d497e4,Rare,146983_0xe88632728ed377f556cb964e6f670f6017d497e4_1629659787,146983,4,0x234a14fddcc2e533156b5a636db9a071d54e9baf,0.65,2021-08-22 19:16:27,2.6
476,0x352ac32c9663fb7caac363f77b121c34d9acb420,Rare,146983_0x352ac32c9663fb7caac363f77b121c34d9acb420_1629659739,146983,2,0x234a14fddcc2e533156b5a636db9a071d54e9baf,0.65,2021-08-22 19:15:39,1.3
477,0x4e7bf3694962fc482a16d60fd78f99db9c4c52b0,Godlike,148389_0x4e7bf3694962fc482a16d60fd78f99db9c4c52b0_1629659725,148389,5,0x760ba4580bbc2cdb1a71f9cbd896196e5d4afca3,63.8,2021-08-22 19:15:25,319.0
478,0xe88632728ed377f556cb964e6f670f6017d497e4,Rare,146983_0xe88632728ed377f556cb964e6f670f6017d497e4_1629659703,146983,6,0x234a14fddcc2e533156b5a636db9a071d54e9baf,0.65,2021-08-22 19:15:03,3.9000000000000004
479,0x4e7bf3694962fc482a16d60fd78f99db9c4c52b0,Godlike,148392_0x4e7bf3694962fc482a16d60fd78f99db9c4c52b0_1629659697,148392,2,0xb93e7734d868b7f06078f500b6c1ee4c427950c7,62.25,2021-08-22 19:14:57,124.5
480,0xe88632728ed377f556cb964e6f670f6017d497e4,Rare,146983_0xe88632728ed377f556cb964e6f670f6017d497e4_1629659675,146983,425,0x234a14fddcc2e533156b5a636db9a071d54e9baf,0.65,2021-08-22 19:14:35,276.25
481,0x4e7bf3694962fc482a16d60fd78f99db9c4c52b0,Godlike,148177_0x4e7bf3694962fc482a16d60fd78f99db9c4c52b0_1629659669,148177,4,0x72db34299d4bb489993a49822708ce692cca3eb2,62.45,2021-08-22 19:14:29,249.8
482,0x2b29518e5ac3eda4cfc138facd6f023bffc5d65a,Rare,146983_0x2b29518e5ac3eda4cfc138facd6f023bffc5d65a_1629659669,146983,437,0x234a14fddcc2e533156b5a636db9a071d54e9baf,0.65,2021-08-22 19:14:29,284.05
483,0x4e7bf3694962fc482a16d60fd78f99db9c4c52b0,Drop,148394_0x4e7bf3694962fc482a16d60fd78f99db9c4c52b0_1629659625,148394,65,0xa72eb809bef34346b887430d970b264747a6315d,12.3,2021-08-22 19:13:45,799.5
484,0x352ac32c9663fb7caac363f77b121c34d9acb420,Common,148455_0x352ac32c9663fb7caac363f77b121c34d9acb420_1629659571,148455,19,0x1e97653621a0863bceef1a66ab9de0eb9cbc700e,0.07,2021-08-22 19:12:51,1.33
485,0xf8c8e966a9a9bf6c353191e3e22588438d99d7ee,Legendary,148690_0xf8c8e966a9a9bf6c353191e3e22588438d99d7ee_1629659523,148690,2,0xb9801179368231ca11b1f93acb5395c2bcd31998,3.0,2021-08-22 19:12:03,6.0
486,0x2b29518e5ac3eda4cfc138facd6f023bffc5d65a,Rare,146983_0x2b29518e5ac3eda4cfc138facd6f023bffc5d65a_1629659509,146983,100,0x234a14fddcc2e533156b5a636db9a071d54e9baf,0.65,2021-08-22 19:11:49,65.0
487,0x7e0b15946f9dce4507feb04e4f24a11c419a689b,Drop,148394_0x7e0b15946f9dce4507feb04e4f24a11c419a689b_1629659449,148394,5,0xa72eb809bef34346b887430d970b264747a6315d,12.3,2021-08-22 19:10:49,61.5
488,0x352ac32c9663fb7caac363f77b121c34d9acb420,Legendary,148623_0x352ac32c9663fb7caac363f77b121c34d9acb420_1629659421,148623,1,0xc98711a62a069675a27920af2f3287b19364f829,3.09,2021-08-22 19:10:21,3.09
489,0xf8c8e966a9a9bf6c353191e3e22588438d99d7ee,Drop,148559_0xf8c8e966a9a9bf6c353191e3e22588438d99d7ee_1629659309,148559,1,0xe90e640b09fdef82c3e33f2ba2d80d4a784ba0f5,12.2,2021-08-22 19:08:29,12.2
490,0x7e0b15946f9dce4507feb04e4f24a11c419a689b,Drop,148488_0x7e0b15946f9dce4507feb04e4f24a11c419a689b_1629659259,148488,15,0xc7ca46dcc1ddaad78081b12f64bd61d9f0f2f22d,12.28,2021-08-22 19:07:39,184.2
491,0x7e0b15946f9dce4507feb04e4f24a11c419a689b,Mythical,148651_0x7e0b15946f9dce4507feb04e4f24a11c419a689b_1629659085,148651,7,0x743b6f02b9970b9afd8db1deea0a84dbd6ec28c9,12.25,2021-08-22 19:04:45,85.75
492,0x7e0b15946f9dce4507feb04e4f24a11c419a689b,Drop,148557_0x7e0b15946f9dce4507feb04e4f24a11c419a689b_1629659031,148557,8,0x70c9666b338795ddab8f4bd67f580b1d9234b8dc,12.195,2021-08-22 19:03:51,97.56
493,0x7e0b15946f9dce4507feb04e4f24a11c419a689b,Drop,148646_0x7e0b15946f9dce4507feb04e4f24a11c419a689b_1629659025,148646,1,0xc98711a62a069675a27920af2f3287b19364f829,12.09,2021-08-22 19:03:45,12.09
494,0xf8c8e966a9a9bf6c353191e3e22588438d99d7ee,Uncommon,145399_0xf8c8e966a9a9bf6c353191e3e22588438d99d7ee_1629659013,145399,6,0x308dd673968bcc85e52420c6ecd713d206b49f59,0.35,2021-08-22 19:03:33,2.0999999999999996
495,0x6d1b731ce6e88bd41b22bab615860c2b67b6c877,Drop,148633_0x6d1b731ce6e88bd41b22bab615860c2b67b6c877_1629658935,148633,199,0x440ba306bd3c67c00668d29067085b40fd82f61b,12.1,2021-08-22 19:02:15,2407.9
496,0x6d1b731ce6e88bd41b22bab615860c2b67b6c877,Drop,148652_0x6d1b731ce6e88bd41b22bab615860c2b67b6c877_1629658761,148652,5,0x2c6b5036f61047e0ab0e858f45767f14ad24f07a,12.0,2021-08-22 18:59:21,60.0
497,0x352ac32c9663fb7caac363f77b121c34d9acb420,Drop,148652_0x352ac32c9663fb7caac363f77b121c34d9acb420_1629658725,148652,1,0x2c6b5036f61047e0ab0e858f45767f14ad24f07a,12.0,2021-08-22 18:58:45,12.0
498,0xf8c8e966a9a9bf6c353191e3e22588438d99d7ee,Rare,148635_0xf8c8e966a9a9bf6c353191e3e22588438d99d7ee_1629658591,148635,2,0x420b9546a6fa417d696229587af429285c974048,0.64,2021-08-22 18:56:31,1.28
499,0x4738c8b9e0d7b48db4056bf017d2f90b2319630d,Drop,148633_0x4738c8b9e0d7b48db4056bf017d2f90b2319630d_1629656986,148633,1,0x440ba306bd3c67c00668d29067085b40fd82f61b,12.1,2021-08-22 18:29:46,12.1
500,0xf2b9ec5724dc97362a53907c0b4cc0aa72369e63,Rare,148639_0xf2b9ec5724dc97362a53907c0b4cc0aa72369e63_1629656698,148639,4,0xaede4bf4ca6b456cc23a18bf01acf66ce678d4db,0.6,2021-08-22 18:24:58,2.4
501,0xf2b9ec5724dc97362a53907c0b4cc0aa72369e63,Drop,148634_0xf2b9ec5724dc97362a53907c0b4cc0aa72369e63_1629656640,148634,1,0x5e03a1db2f68a52004bf539d6ba0767e833b9d52,12.0,2021-08-22 18:24:00,12.0
