,Buyer,Type,id,Listing,Quantity,Seller,Price per Ticket (GHST),Date,Total Purchase (GHST)
0,0x7e4724c60718a9f87ce51bcf8812bf90d0b7b9db,Mythical,129313_0x7e4724c60718a9f87ce51bcf8812bf90d0b7b9db_1626983094,129313,29,0x1670b5cdd17d4caa012a75b830265b69f63e0100,13.0,2021-07-22 19:44:54,377.0
1,0xe69c2f976bdf4eb965f4807c03eedf810fe7c97a,Legendary,129314_0xe69c2f976bdf4eb965f4807c03eedf810fe7c97a_1626981570,129314,1,0x15ca569e022e3e2f63be4dc5a96ccf96e5440abb,3.2,2021-07-22 19:19:30,3.2
2,0xe69c2f976bdf4eb965f4807c03eedf810fe7c97a,Drop,129318_0xe69c2f976bdf4eb965f4807c03eedf810fe7c97a_1626981518,129318,1,0xb72ed8401892466ea8af528c1af1d0524bc5e105,12.75,2021-07-22 19:18:38,12.75
3,0x47d6f96ba098816389db7c87cbf077de7181b853,Drop,129317_0x47d6f96ba098816389db7c87cbf077de7181b853_1626980706,129317,18,0x1a8d886d3a4a2d2aeb817ebb781f0683351538b1,12.988,2021-07-22 19:05:06,233.784
4,0x82131e86d080312e13605aada6538a94df5b41a5,Drop,129305_0x82131e86d080312e13605aada6538a94df5b41a5_1626977670,129305,5,0xbce3bd3b206946abbe094903ae2b4244b52fb4e9,12.9,2021-07-22 18:14:30,64.5
5,0xae74d4af5310170f8b2c0227b0c8ca70c8e2c78f,Drop,129286_0xae74d4af5310170f8b2c0227b0c8ca70c8e2c78f_1626975510,129286,5,0x830437c8d234c61ae6bffbc11f2b885e6e934554,13.4,2021-07-22 17:38:30,67.0
6,0xae74d4af5310170f8b2c0227b0c8ca70c8e2c78f,Drop,128935_0xae74d4af5310170f8b2c0227b0c8ca70c8e2c78f_1626975484,128935,13,0x4f285bdd5809d768b79f2ab549921122cea2f12e,13.45,2021-07-22 17:38:04,174.85
7,0x002d2715b179d0db3e17cc28317a98f2f65e6884,Drop,129176_0x002d2715b179d0db3e17cc28317a98f2f65e6884_1626974620,129176,1,0x8f10a570f089d461677c19e17e64f69e4a6536f8,13.0,2021-07-22 17:23:40,13.0
8,0x002d2715b179d0db3e17cc28317a98f2f65e6884,Drop,129148_0x002d2715b179d0db3e17cc28317a98f2f65e6884_1626974614,129148,5,0xa1586347c540c1b5cd83113872eeb7815a57dfe6,13.0,2021-07-22 17:23:34,65.0
9,0x002d2715b179d0db3e17cc28317a98f2f65e6884,Drop,129173_0x002d2715b179d0db3e17cc28317a98f2f65e6884_1626974566,129173,1,0x1a8d886d3a4a2d2aeb817ebb781f0683351538b1,12.988,2021-07-22 17:22:46,12.988
10,0x002d2715b179d0db3e17cc28317a98f2f65e6884,Drop,129290_0x002d2715b179d0db3e17cc28317a98f2f65e6884_1626974560,129290,5,0x32e738e5cb8d8c3ffd4cf5a7fd1b772371af58f1,12.5,2021-07-22 17:22:40,62.5
11,0x03b16ab6e23bdbeeab719d8e4c49d63674876253,Drop,129290_0x03b16ab6e23bdbeeab719d8e4c49d63674876253_1626973998,129290,49,0x32e738e5cb8d8c3ffd4cf5a7fd1b772371af58f1,12.5,2021-07-22 17:13:18,612.5
12,0x03b16ab6e23bdbeeab719d8e4c49d63674876253,Drop,129268_0x03b16ab6e23bdbeeab719d8e4c49d63674876253_1626973874,129268,3,0x783dca6f7b25e155123a5ea77ff2f7dd1deeef85,12.75,2021-07-22 17:11:14,38.25
13,0x7e4724c60718a9f87ce51bcf8812bf90d0b7b9db,Mythical,129266_0x7e4724c60718a9f87ce51bcf8812bf90d0b7b9db_1626972676,129266,7,0x1a8d886d3a4a2d2aeb817ebb781f0683351538b1,12.988,2021-07-22 16:51:16,90.916
14,0x3669db0049ffc4bb850fdf7c3fb8d13b26c5fb71,Rare,129278_0x3669db0049ffc4bb850fdf7c3fb8d13b26c5fb71_1626971614,129278,4,0xa7b7bf2c3ab430363d15af83075e873dd4345569,0.6,2021-07-22 16:33:34,2.4
15,0x3669db0049ffc4bb850fdf7c3fb8d13b26c5fb71,Legendary,129275_0x3669db0049ffc4bb850fdf7c3fb8d13b26c5fb71_1626971494,129275,1,0xa7b7bf2c3ab430363d15af83075e873dd4345569,3.0,2021-07-22 16:31:34,3.0
16,0xea651e5b72751f1d2e36255f5f59792c84cd856f,Rare,129150_0xea651e5b72751f1d2e36255f5f59792c84cd856f_1626970872,129150,7,0x830437c8d234c61ae6bffbc11f2b885e6e934554,0.68,2021-07-22 16:21:12,4.760000000000001
17,0xea651e5b72751f1d2e36255f5f59792c84cd856f,Rare,129264_0xea651e5b72751f1d2e36255f5f59792c84cd856f_1626970860,129264,3,0x9a9ca7db52932443b94edf003dfb4dfa569947ef,0.667,2021-07-22 16:21:00,2.0010000000000003
18,0xfc04e555d5c358b8e97f6e5a9d5dbd83bc633fab,Drop,129173_0xfc04e555d5c358b8e97f6e5a9d5dbd83bc633fab_1626970196,129173,15,0x1a8d886d3a4a2d2aeb817ebb781f0683351538b1,12.988,2021-07-22 16:09:56,194.82
19,0xfc04e555d5c358b8e97f6e5a9d5dbd83bc633fab,Legendary,129151_0xfc04e555d5c358b8e97f6e5a9d5dbd83bc633fab_1626969768,129151,4,0x830437c8d234c61ae6bffbc11f2b885e6e934554,3.248,2021-07-22 16:02:48,12.992
20,0xfc04e555d5c358b8e97f6e5a9d5dbd83bc633fab,Drop,129221_0xfc04e555d5c358b8e97f6e5a9d5dbd83bc633fab_1626969558,129221,1,0x830437c8d234c61ae6bffbc11f2b885e6e934554,12.9,2021-07-22 15:59:18,12.9
21,0x7e4724c60718a9f87ce51bcf8812bf90d0b7b9db,Mythical,129262_0x7e4724c60718a9f87ce51bcf8812bf90d0b7b9db_1626967612,129262,17,0x1a8d886d3a4a2d2aeb817ebb781f0683351538b1,12.988,2021-07-22 15:26:52,220.796
22,0x7e4724c60718a9f87ce51bcf8812bf90d0b7b9db,Mythical,129260_0x7e4724c60718a9f87ce51bcf8812bf90d0b7b9db_1626967316,129260,16,0x1a8d886d3a4a2d2aeb817ebb781f0683351538b1,12.988,2021-07-22 15:21:56,207.808
23,0x7e4724c60718a9f87ce51bcf8812bf90d0b7b9db,Mythical,129250_0x7e4724c60718a9f87ce51bcf8812bf90d0b7b9db_1626965970,129250,18,0x1a8d886d3a4a2d2aeb817ebb781f0683351538b1,12.988,2021-07-22 14:59:30,233.784
24,0x03b16ab6e23bdbeeab719d8e4c49d63674876253,Drop,129256_0x03b16ab6e23bdbeeab719d8e4c49d63674876253_1626965840,129256,1,0x5524c33467183c56d37d701b6d90c1773049f16e,12.5,2021-07-22 14:57:20,12.5
25,0x03b16ab6e23bdbeeab719d8e4c49d63674876253,Drop,129219_0x03b16ab6e23bdbeeab719d8e4c49d63674876253_1626965588,129219,1,0x463c31d1b752d39fd205fbaa4cbba6a8541aeffa,12.5,2021-07-22 14:53:08,12.5
26,0x3669db0049ffc4bb850fdf7c3fb8d13b26c5fb71,Godlike,129252_0x3669db0049ffc4bb850fdf7c3fb8d13b26c5fb71_1626965282,129252,1,0xce2dae844a2f473cb10e72ea5b5cd82ce1c86c76,62.0,2021-07-22 14:48:02,62.0
27,0xe69c2f976bdf4eb965f4807c03eedf810fe7c97a,Drop,129219_0xe69c2f976bdf4eb965f4807c03eedf810fe7c97a_1626964058,129219,1,0x463c31d1b752d39fd205fbaa4cbba6a8541aeffa,12.5,2021-07-22 14:27:38,12.5
28,0x7e4724c60718a9f87ce51bcf8812bf90d0b7b9db,Mythical,129245_0x7e4724c60718a9f87ce51bcf8812bf90d0b7b9db_1626963320,129245,18,0x1a8d886d3a4a2d2aeb817ebb781f0683351538b1,12.988,2021-07-22 14:15:20,233.784
29,0x47d6f96ba098816389db7c87cbf077de7181b853,Drop,129219_0x47d6f96ba098816389db7c87cbf077de7181b853_1626963010,129219,1,0x463c31d1b752d39fd205fbaa4cbba6a8541aeffa,12.5,2021-07-22 14:10:10,12.5
30,0x7e4724c60718a9f87ce51bcf8812bf90d0b7b9db,Mythical,129226_0x7e4724c60718a9f87ce51bcf8812bf90d0b7b9db_1626962574,129226,1,0x26f984b6d48964ea4a8004cae27d0466279ca30e,13.0,2021-07-22 14:02:54,13.0
31,0x7e4724c60718a9f87ce51bcf8812bf90d0b7b9db,Mythical,129238_0x7e4724c60718a9f87ce51bcf8812bf90d0b7b9db_1626962550,129238,18,0x1a8d886d3a4a2d2aeb817ebb781f0683351538b1,12.988,2021-07-22 14:02:30,233.784
32,0x7e4724c60718a9f87ce51bcf8812bf90d0b7b9db,Mythical,129138_0x7e4724c60718a9f87ce51bcf8812bf90d0b7b9db_1626962530,129138,3,0x44b8f74912b58f1303ad19db10ac6c07cb0639b1,13.0,2021-07-22 14:02:10,39.0
33,0x03b16ab6e23bdbeeab719d8e4c49d63674876253,Drop,129219_0x03b16ab6e23bdbeeab719d8e4c49d63674876253_1626962506,129219,8,0x463c31d1b752d39fd205fbaa4cbba6a8541aeffa,12.5,2021-07-22 14:01:46,100.0
34,0x7e4724c60718a9f87ce51bcf8812bf90d0b7b9db,Mythical,129114_0x7e4724c60718a9f87ce51bcf8812bf90d0b7b9db_1626962506,129114,2,0x1ea21091286c89861e761d1f6f3505e3b71af6b4,13.0,2021-07-22 14:01:46,26.0
35,0x7e4724c60718a9f87ce51bcf8812bf90d0b7b9db,Mythical,129175_0x7e4724c60718a9f87ce51bcf8812bf90d0b7b9db_1626962470,129175,15,0x1a8d886d3a4a2d2aeb817ebb781f0683351538b1,12.988,2021-07-22 14:01:10,194.82
36,0x7e4724c60718a9f87ce51bcf8812bf90d0b7b9db,Mythical,129220_0x7e4724c60718a9f87ce51bcf8812bf90d0b7b9db_1626962450,129220,7,0x830437c8d234c61ae6bffbc11f2b885e6e934554,12.9,2021-07-22 14:00:50,90.3
37,0x03b16ab6e23bdbeeab719d8e4c49d63674876253,Drop,129219_0x03b16ab6e23bdbeeab719d8e4c49d63674876253_1626962412,129219,1,0x463c31d1b752d39fd205fbaa4cbba6a8541aeffa,12.5,2021-07-22 14:00:12,12.5
38,0xb9eb8b4cbdadbf0ed7a3e65b10f8a31b4a7671ef,Rare,129196_0xb9eb8b4cbdadbf0ed7a3e65b10f8a31b4a7671ef_1626961492,129196,2,0x9a9ca7db52932443b94edf003dfb4dfa569947ef,0.66,2021-07-22 13:44:52,1.32
39,0xb9eb8b4cbdadbf0ed7a3e65b10f8a31b4a7671ef,Legendary,129135_0xb9eb8b4cbdadbf0ed7a3e65b10f8a31b4a7671ef_1626961424,129135,1,0x931eb9d2e9b0e496aac1dcdf778399ad762e3739,3.248,2021-07-22 13:43:44,3.248
40,0xb9eb8b4cbdadbf0ed7a3e65b10f8a31b4a7671ef,Legendary,129222_0xb9eb8b4cbdadbf0ed7a3e65b10f8a31b4a7671ef_1626961394,129222,1,0xcac2edcd082628ba3ba31b3b74537792550319e6,3.2,2021-07-22 13:43:14,3.2
41,0x8560f3aa7c2522bfeabca88bb8f5f55efe9611fe,Drop,129219_0x8560f3aa7c2522bfeabca88bb8f5f55efe9611fe_1626961166,129219,1,0x463c31d1b752d39fd205fbaa4cbba6a8541aeffa,12.5,2021-07-22 13:39:26,12.5
42,0x73b46a49e5f92480710b07be849500b772b6a995,Drop,129182_0x73b46a49e5f92480710b07be849500b772b6a995_1626960084,129182,4,0xcc84cc9462e4f1f45597c584123ee31cd7e5864b,12.98,2021-07-22 13:21:24,51.92
43,0x73b46a49e5f92480710b07be849500b772b6a995,Mythical,129180_0x73b46a49e5f92480710b07be849500b772b6a995_1626960002,129180,5,0xcc84cc9462e4f1f45597c584123ee31cd7e5864b,12.97,2021-07-22 13:20:02,64.85000000000001
44,0x73b46a49e5f92480710b07be849500b772b6a995,Drop,129214_0x73b46a49e5f92480710b07be849500b772b6a995_1626959952,129214,1,0xcbcdca647cfda9283992193604f8718a910b42fc,12.6,2021-07-22 13:19:12,12.6
45,0x6e28bae826e39d8002942edd80e5fa8dfa115d4a,Drop,129181_0x6e28bae826e39d8002942edd80e5fa8dfa115d4a_1626959490,129181,4,0x830437c8d234c61ae6bffbc11f2b885e6e934554,12.98,2021-07-22 13:11:30,51.92
46,0x636db7553dfb9c87dce1a5edf117edcaff1b650a,Drop,129195_0x636db7553dfb9c87dce1a5edf117edcaff1b650a_1626959216,129195,2,0xa260dbd54c49af2d3fae33e348655ecd43588996,12.8,2021-07-22 13:06:56,25.6
47,0x3669db0049ffc4bb850fdf7c3fb8d13b26c5fb71,Common,129208_0x3669db0049ffc4bb850fdf7c3fb8d13b26c5fb71_1626958282,129208,500,0x8e57fb914b3c718c71e75825c9a48400cc2907cb,0.059,2021-07-22 12:51:22,29.5
48,0x72db34299d4bb489993a49822708ce692cca3eb2,Legendary,129085_0x72db34299d4bb489993a49822708ce692cca3eb2_1626957466,129085,1,0xb72ed8401892466ea8af528c1af1d0524bc5e105,3.2,2021-07-22 12:37:46,3.2
49,0x72db34299d4bb489993a49822708ce692cca3eb2,Mythical,129197_0x72db34299d4bb489993a49822708ce692cca3eb2_1626957386,129197,1,0x822421a748085d025614540449e506bde6507f9b,12.5,2021-07-22 12:36:26,12.5
50,0x3669db0049ffc4bb850fdf7c3fb8d13b26c5fb71,Mythical,129200_0x3669db0049ffc4bb850fdf7c3fb8d13b26c5fb71_1626957284,129200,2,0xd4f45e3688aa30338559daa96dfbf7dd1b08ad13,12.45,2021-07-22 12:34:44,24.9
51,0x3669db0049ffc4bb850fdf7c3fb8d13b26c5fb71,Legendary,129198_0x3669db0049ffc4bb850fdf7c3fb8d13b26c5fb71_1626956741,129198,1,0xdac12b6ddbf055ee542f0ed460a32d1e9f361ca4,2.9,2021-07-22 12:25:41,2.9
52,0x7bb8705a3581f549c039401903251aa010ade9c6,Rare,129150_0x7bb8705a3581f549c039401903251aa010ade9c6_1626955143,129150,39,0x830437c8d234c61ae6bffbc11f2b885e6e934554,0.68,2021-07-22 11:59:03,26.520000000000003
53,0x7bb8705a3581f549c039401903251aa010ade9c6,Rare,129149_0x7bb8705a3581f549c039401903251aa010ade9c6_1626955111,129149,141,0xcc84cc9462e4f1f45597c584123ee31cd7e5864b,0.68,2021-07-22 11:58:31,95.88000000000001
54,0x7bb8705a3581f549c039401903251aa010ade9c6,Rare,129026_0x7bb8705a3581f549c039401903251aa010ade9c6_1626955013,129026,11,0x0177c207b91b5adbcc426bf48c843a8a5bf9cde9,0.68,2021-07-22 11:56:53,7.48
55,0x7bb8705a3581f549c039401903251aa010ade9c6,Rare,128914_0x7bb8705a3581f549c039401903251aa010ade9c6_1626954991,128914,6,0x66653d95309168d8b0b253d77d896d4558befaea,0.68,2021-07-22 11:56:31,4.08
56,0x7bb8705a3581f549c039401903251aa010ade9c6,Rare,128914_0x7bb8705a3581f549c039401903251aa010ade9c6_1626954961,128914,1,0x66653d95309168d8b0b253d77d896d4558befaea,0.68,2021-07-22 11:56:01,0.68
57,0x7bb8705a3581f549c039401903251aa010ade9c6,Rare,128833_0x7bb8705a3581f549c039401903251aa010ade9c6_1626954941,128833,2,0xe8777bc36a160902c812444874ea21ae4449e99e,0.68,2021-07-22 11:55:41,1.36
58,0xe88632728ed377f556cb964e6f670f6017d497e4,Drop,129182_0xe88632728ed377f556cb964e6f670f6017d497e4_1626954821,129182,1,0xcc84cc9462e4f1f45597c584123ee31cd7e5864b,12.98,2021-07-22 11:53:41,12.98
59,0xe29555e804e414e295e2a059fc49d002ec18f268,Mythical,129175_0xe29555e804e414e295e2a059fc49d002ec18f268_1626949823,129175,4,0x1a8d886d3a4a2d2aeb817ebb781f0683351538b1,12.988,2021-07-22 10:30:23,51.952
60,0x03b16ab6e23bdbeeab719d8e4c49d63674876253,Drop,129173_0x03b16ab6e23bdbeeab719d8e4c49d63674876253_1626949815,129173,3,0x1a8d886d3a4a2d2aeb817ebb781f0683351538b1,12.988,2021-07-22 10:30:15,38.964
61,0xe69c2f976bdf4eb965f4807c03eedf810fe7c97a,Legendary,129158_0xe69c2f976bdf4eb965f4807c03eedf810fe7c97a_1626948699,129158,1,0x9a9ca7db52932443b94edf003dfb4dfa569947ef,3.14,2021-07-22 10:11:39,3.14
62,0x03b16ab6e23bdbeeab719d8e4c49d63674876253,Drop,129134_0x03b16ab6e23bdbeeab719d8e4c49d63674876253_1626947755,129134,3,0xa7f1c77998bae58614be010ad2a806639e280056,13.0,2021-07-22 09:55:55,39.0
63,0x03b16ab6e23bdbeeab719d8e4c49d63674876253,Drop,129137_0x03b16ab6e23bdbeeab719d8e4c49d63674876253_1626947735,129137,1,0xe90e640b09fdef82c3e33f2ba2d80d4a784ba0f5,12.99,2021-07-22 09:55:35,12.99
64,0x03b16ab6e23bdbeeab719d8e4c49d63674876253,Mythical,129159_0x03b16ab6e23bdbeeab719d8e4c49d63674876253_1626947129,129159,1,0x80039dc3d5bb48ec4bd822c4e8828574fdcc51a6,12.79,2021-07-22 09:45:29,12.79
65,0x03b16ab6e23bdbeeab719d8e4c49d63674876253,Drop,129161_0x03b16ab6e23bdbeeab719d8e4c49d63674876253_1626946995,129161,7,0x5173b8ea30cbcffa8e049b762f2d1a92c21b02c9,12.72,2021-07-22 09:43:15,89.04
66,0x82131e86d080312e13605aada6538a94df5b41a5,Mythical,129098_0x82131e86d080312e13605aada6538a94df5b41a5_1626939839,129098,1,0x5ae899713d0a696f85b43bd90473b5268f0c1b30,12.9,2021-07-22 07:43:59,12.9
67,0x9ff84b91998df96a6587db8dde8d4e47518107d6,Mythical,129119_0x9ff84b91998df96a6587db8dde8d4e47518107d6_1626936081,129119,16,0x1a8d886d3a4a2d2aeb817ebb781f0683351538b1,12.988,2021-07-22 06:41:21,207.808
68,0x8560f3aa7c2522bfeabca88bb8f5f55efe9611fe,Legendary,129124_0x8560f3aa7c2522bfeabca88bb8f5f55efe9611fe_1626934805,129124,2,0x9a9ca7db52932443b94edf003dfb4dfa569947ef,3.14,2021-07-22 06:20:05,6.28
69,0x8560f3aa7c2522bfeabca88bb8f5f55efe9611fe,Legendary,129124_0x8560f3aa7c2522bfeabca88bb8f5f55efe9611fe_1626934761,129124,1,0x9a9ca7db52932443b94edf003dfb4dfa569947ef,3.14,2021-07-22 06:19:21,3.14
70,0xae74d4af5310170f8b2c0227b0c8ca70c8e2c78f,Mythical,129119_0xae74d4af5310170f8b2c0227b0c8ca70c8e2c78f_1626934737,129119,2,0x1a8d886d3a4a2d2aeb817ebb781f0683351538b1,12.988,2021-07-22 06:18:57,25.976
71,0xae74d4af5310170f8b2c0227b0c8ca70c8e2c78f,Drop,129120_0xae74d4af5310170f8b2c0227b0c8ca70c8e2c78f_1626934705,129120,18,0x1a8d886d3a4a2d2aeb817ebb781f0683351538b1,12.988,2021-07-22 06:18:25,233.784
72,0x3669db0049ffc4bb850fdf7c3fb8d13b26c5fb71,Rare,129121_0x3669db0049ffc4bb850fdf7c3fb8d13b26c5fb71_1626931372,129121,3,0xaede4bf4ca6b456cc23a18bf01acf66ce678d4db,0.4,2021-07-22 05:22:52,1.2000000000000002
73,0x3669db0049ffc4bb850fdf7c3fb8d13b26c5fb71,Legendary,129117_0x3669db0049ffc4bb850fdf7c3fb8d13b26c5fb71_1626930830,129117,2,0xaede4bf4ca6b456cc23a18bf01acf66ce678d4db,3.0,2021-07-22 05:13:50,6.0
74,0x82131e86d080312e13605aada6538a94df5b41a5,Drop,129108_0x82131e86d080312e13605aada6538a94df5b41a5_1626929226,129108,1,0x43d4c6291919d37148de3ff040cd5a4655d9ea09,13.0,2021-07-22 04:47:06,13.0
75,0x2ccb403cef152ec0a26f8398cfe4f8f068fbe6d3,Common,128588_0x2ccb403cef152ec0a26f8398cfe4f8f068fbe6d3_1626928144,128588,1,0xe9d3e7c109537a3a4f213cf9225b45d0409adba2,0.066,2021-07-22 04:29:04,0.066
76,0x47d6f96ba098816389db7c87cbf077de7181b853,Mythical,129093_0x47d6f96ba098816389db7c87cbf077de7181b853_1626927230,129093,2,0xcc18dd2208fc00bcb8962bc43216ab974dd59860,13.0,2021-07-22 04:13:50,26.0
77,0x47d6f96ba098816389db7c87cbf077de7181b853,Mythical,129098_0x47d6f96ba098816389db7c87cbf077de7181b853_1626927214,129098,1,0x5ae899713d0a696f85b43bd90473b5268f0c1b30,12.9,2021-07-22 04:13:34,12.9
78,0xe69c2f976bdf4eb965f4807c03eedf810fe7c97a,Legendary,129085_0xe69c2f976bdf4eb965f4807c03eedf810fe7c97a_1626925425,129085,2,0xb72ed8401892466ea8af528c1af1d0524bc5e105,3.2,2021-07-22 03:43:45,6.4
79,0x1a8d886d3a4a2d2aeb817ebb781f0683351538b1,Uncommon,129090_0x1a8d886d3a4a2d2aeb817ebb781f0683351538b1_1626924781,129090,12,0x6c6b7bd85ef4dd5ce57700bf2fe7dc9c21ac04fb,0.29,2021-07-22 03:33:01,3.4799999999999995
80,0x5fc75cbbcddf4398c5c2949a5736e299c1440576,Mythical,129093_0x5fc75cbbcddf4398c5c2949a5736e299c1440576_1626924341,129093,1,0xcc18dd2208fc00bcb8962bc43216ab974dd59860,13.0,2021-07-22 03:25:41,13.0
81,0x5fc75cbbcddf4398c5c2949a5736e299c1440576,Drop,129089_0x5fc75cbbcddf4398c5c2949a5736e299c1440576_1626924321,129089,3,0x64cd160801f6c393e12498084d36e7acabf25091,12.99,2021-07-22 03:25:21,38.97
82,0xa3ae371ce95e2febe99db246652d947b91af48c3,Mythical,128919_0xa3ae371ce95e2febe99db246652d947b91af48c3_1626922895,128919,20,0xdda1839117919bb842f5f35ed026dc8613f1a223,13.25,2021-07-22 03:01:35,265.0
83,0xa3ae371ce95e2febe99db246652d947b91af48c3,Mythical,129086_0xa3ae371ce95e2febe99db246652d947b91af48c3_1626922855,129086,1,0x20e50a28bd4ac6ce1540ecab6ee9d446366c13f2,13.15,2021-07-22 03:00:55,13.15
84,0x63350b1649c34d3135cef63b9d1369f8bb66bab3,Godlike,129083_0x63350b1649c34d3135cef63b9d1369f8bb66bab3_1626921389,129083,1,0xbec2a2bef3566474975efa9a9c6455840dc0a2c5,55.0,2021-07-22 02:36:29,55.0
85,0x82131e86d080312e13605aada6538a94df5b41a5,Mythical,129080_0x82131e86d080312e13605aada6538a94df5b41a5_1626920333,129080,1,0xf96ddaa24d9f01d30443d5e95dbee0e79afc59d3,13.0,2021-07-22 02:18:53,13.0
86,0x5ebcb20bdea4364b3c127e919192f3734e44c132,Drop,128935_0x5ebcb20bdea4364b3c127e919192f3734e44c132_1626917253,128935,3,0x4f285bdd5809d768b79f2ab549921122cea2f12e,13.45,2021-07-22 01:27:33,40.349999999999994
87,0x5ebcb20bdea4364b3c127e919192f3734e44c132,Drop,128835_0x5ebcb20bdea4364b3c127e919192f3734e44c132_1626917203,128835,18,0x72db34299d4bb489993a49822708ce692cca3eb2,13.54,2021-07-22 01:26:43,243.71999999999997
88,0x5ebcb20bdea4364b3c127e919192f3734e44c132,Drop,128870_0x5ebcb20bdea4364b3c127e919192f3734e44c132_1626917155,128870,1,0x501ffc7ee44f7986c24fb5bf7c04c1ed6377ec87,13.44,2021-07-22 01:25:55,13.44
89,0xe29555e804e414e295e2a059fc49d002ec18f268,Mythical,128919_0xe29555e804e414e295e2a059fc49d002ec18f268_1626916269,128919,1,0xdda1839117919bb842f5f35ed026dc8613f1a223,13.25,2021-07-22 01:11:09,13.25
90,0xe29555e804e414e295e2a059fc49d002ec18f268,Mythical,128919_0xe29555e804e414e295e2a059fc49d002ec18f268_1626915857,128919,2,0xdda1839117919bb842f5f35ed026dc8613f1a223,13.25,2021-07-22 01:04:17,26.5
91,0x03b16ab6e23bdbeeab719d8e4c49d63674876253,Godlike,129012_0x03b16ab6e23bdbeeab719d8e4c49d63674876253_1626915821,129012,3,0x1a8d886d3a4a2d2aeb817ebb781f0683351538b1,64.988,2021-07-22 01:03:41,194.964
92,0xe29555e804e414e295e2a059fc49d002ec18f268,Mythical,129066_0xe29555e804e414e295e2a059fc49d002ec18f268_1626915809,129066,1,0x1c1538ed4bd82d76dc5f240ebafc02b00cbb823d,13.0,2021-07-22 01:03:29,13.0
93,0x03b16ab6e23bdbeeab719d8e4c49d63674876253,Godlike,129061_0x03b16ab6e23bdbeeab719d8e4c49d63674876253_1626915797,129061,6,0x2b902862205a18c9061068275b02837c3430bea5,64.98,2021-07-22 01:03:17,389.88
94,0x03b16ab6e23bdbeeab719d8e4c49d63674876253,Mythical,129010_0x03b16ab6e23bdbeeab719d8e4c49d63674876253_1626914935,129010,18,0x1a8d886d3a4a2d2aeb817ebb781f0683351538b1,12.988,2021-07-22 00:48:55,233.784
95,0x82131e86d080312e13605aada6538a94df5b41a5,Drop,129024_0x82131e86d080312e13605aada6538a94df5b41a5_1626914055,129024,2,0x6e577e8d7732becb110fef5d9aeb838b15fba151,12.99,2021-07-22 00:34:15,25.98
96,0x03b16ab6e23bdbeeab719d8e4c49d63674876253,Drop,129057_0x03b16ab6e23bdbeeab719d8e4c49d63674876253_1626911069,129057,1,0xcbcdca647cfda9283992193604f8718a910b42fc,12.7,2021-07-21 23:44:29,12.7
97,0x03b16ab6e23bdbeeab719d8e4c49d63674876253,Drop,129016_0x03b16ab6e23bdbeeab719d8e4c49d63674876253_1626910973,129016,5,0x5173b8ea30cbcffa8e049b762f2d1a92c21b02c9,12.98,2021-07-21 23:42:53,64.9
98,0x03b16ab6e23bdbeeab719d8e4c49d63674876253,Drop,129016_0x03b16ab6e23bdbeeab719d8e4c49d63674876253_1626909763,129016,3,0x5173b8ea30cbcffa8e049b762f2d1a92c21b02c9,12.98,2021-07-21 23:22:43,38.94
99,0x03b16ab6e23bdbeeab719d8e4c49d63674876253,Drop,129053_0x03b16ab6e23bdbeeab719d8e4c49d63674876253_1626909737,129053,18,0x1a8d886d3a4a2d2aeb817ebb781f0683351538b1,12.97988,2021-07-21 23:22:17,233.63783999999998
100,0x03b16ab6e23bdbeeab719d8e4c49d63674876253,Drop,129042_0x03b16ab6e23bdbeeab719d8e4c49d63674876253_1626909301,129042,11,0x1a8d886d3a4a2d2aeb817ebb781f0683351538b1,12.97988,2021-07-21 23:15:01,142.77868
101,0x6a78a2a786b74704c94d0a6245f2233f70d22161,Drop,129042_0x6a78a2a786b74704c94d0a6245f2233f70d22161_1626909169,129042,3,0x1a8d886d3a4a2d2aeb817ebb781f0683351538b1,12.97988,2021-07-21 23:12:49,38.93964
102,0x47d6f96ba098816389db7c87cbf077de7181b853,Mythical,129044_0x47d6f96ba098816389db7c87cbf077de7181b853_1626907171,129044,1,0x80039dc3d5bb48ec4bd822c4e8828574fdcc51a6,12.79,2021-07-21 22:39:31,12.79
103,0x03b16ab6e23bdbeeab719d8e4c49d63674876253,Drop,129042_0x03b16ab6e23bdbeeab719d8e4c49d63674876253_1626906039,129042,3,0x1a8d886d3a4a2d2aeb817ebb781f0683351538b1,12.97988,2021-07-21 22:20:39,38.93964
104,0x03b16ab6e23bdbeeab719d8e4c49d63674876253,Drop,129016_0x03b16ab6e23bdbeeab719d8e4c49d63674876253_1626905368,129016,4,0x5173b8ea30cbcffa8e049b762f2d1a92c21b02c9,12.98,2021-07-21 22:09:28,51.92
105,0x03b16ab6e23bdbeeab719d8e4c49d63674876253,Drop,129021_0x03b16ab6e23bdbeeab719d8e4c49d63674876253_1626905334,129021,11,0x1a8d886d3a4a2d2aeb817ebb781f0683351538b1,12.97988,2021-07-21 22:08:54,142.77868
106,0x03b16ab6e23bdbeeab719d8e4c49d63674876253,Drop,129038_0x03b16ab6e23bdbeeab719d8e4c49d63674876253_1626905286,129038,1,0x5600591dede2cbb4a9ca8bc9857024593b2e31f6,12.95,2021-07-21 22:08:06,12.95
107,0x03b16ab6e23bdbeeab719d8e4c49d63674876253,Drop,129031_0x03b16ab6e23bdbeeab719d8e4c49d63674876253_1626902968,129031,2,0xe6d30c47c19118d67f09cc395f9a50c8df3a4e46,12.95,2021-07-21 21:29:28,25.9
108,0x03b16ab6e23bdbeeab719d8e4c49d63674876253,Drop,129033_0x03b16ab6e23bdbeeab719d8e4c49d63674876253_1626902950,129033,2,0xaede4bf4ca6b456cc23a18bf01acf66ce678d4db,12.9,2021-07-21 21:29:10,25.8
109,0x3669db0049ffc4bb850fdf7c3fb8d13b26c5fb71,Legendary,129034_0x3669db0049ffc4bb850fdf7c3fb8d13b26c5fb71_1626902934,129034,3,0xaede4bf4ca6b456cc23a18bf01acf66ce678d4db,3.0,2021-07-21 21:28:54,9.0
110,0x03b16ab6e23bdbeeab719d8e4c49d63674876253,Drop,129031_0x03b16ab6e23bdbeeab719d8e4c49d63674876253_1626902700,129031,1,0xe6d30c47c19118d67f09cc395f9a50c8df3a4e46,12.95,2021-07-21 21:25:00,12.95
111,0x137c0f7d6b2558edf5b8f69eec0635dd43fad6af,Godlike,128998_0x137c0f7d6b2558edf5b8f69eec0635dd43fad6af_1626896422,128998,2,0x1a8d886d3a4a2d2aeb817ebb781f0683351538b1,64.988,2021-07-21 19:40:22,129.976
112,0x137c0f7d6b2558edf5b8f69eec0635dd43fad6af,Mythical,129007_0x137c0f7d6b2558edf5b8f69eec0635dd43fad6af_1626896358,129007,18,0x1a8d886d3a4a2d2aeb817ebb781f0683351538b1,12.988,2021-07-21 19:39:18,233.784
113,0x137c0f7d6b2558edf5b8f69eec0635dd43fad6af,Mythical,128919_0x137c0f7d6b2558edf5b8f69eec0635dd43fad6af_1626896320,128919,5,0xdda1839117919bb842f5f35ed026dc8613f1a223,13.25,2021-07-21 19:38:40,66.25
114,0x137c0f7d6b2558edf5b8f69eec0635dd43fad6af,Mythical,128958_0x137c0f7d6b2558edf5b8f69eec0635dd43fad6af_1626896292,128958,1,0x69996febef47beb378514bac1a2dacc88d947698,13.0,2021-07-21 19:38:12,13.0
115,0x137c0f7d6b2558edf5b8f69eec0635dd43fad6af,Mythical,128997_0x137c0f7d6b2558edf5b8f69eec0635dd43fad6af_1626896260,128997,15,0x1a8d886d3a4a2d2aeb817ebb781f0683351538b1,12.988,2021-07-21 19:37:40,194.82
116,0x82131e86d080312e13605aada6538a94df5b41a5,Mythical,128997_0x82131e86d080312e13605aada6538a94df5b41a5_1626895906,128997,3,0x1a8d886d3a4a2d2aeb817ebb781f0683351538b1,12.988,2021-07-21 19:31:46,38.964
117,0x47d6f96ba098816389db7c87cbf077de7181b853,Mythical,128989_0x47d6f96ba098816389db7c87cbf077de7181b853_1626895357,128989,9,0x1a8d886d3a4a2d2aeb817ebb781f0683351538b1,12.988,2021-07-21 19:22:37,116.892
118,0x3669db0049ffc4bb850fdf7c3fb8d13b26c5fb71,Godlike,128994_0x3669db0049ffc4bb850fdf7c3fb8d13b26c5fb71_1626895247,128994,1,0xb9c6b0dd480ba66737f1a92e0b4bee405423f033,62.0,2021-07-21 19:20:47,62.0
119,0x6519e6117480d140cd7d33163ac30fd01812f34a,Mythical,128989_0x6519e6117480d140cd7d33163ac30fd01812f34a_1626894899,128989,1,0x1a8d886d3a4a2d2aeb817ebb781f0683351538b1,12.988,2021-07-21 19:14:59,12.988
120,0x06b1bf28c962363f212878bdf87417ebd0316220,Drop,128870_0x06b1bf28c962363f212878bdf87417ebd0316220_1626894501,128870,5,0x501ffc7ee44f7986c24fb5bf7c04c1ed6377ec87,13.44,2021-07-21 19:08:21,67.2
121,0x06b1bf28c962363f212878bdf87417ebd0316220,Drop,128982_0x06b1bf28c962363f212878bdf87417ebd0316220_1626894097,128982,3,0x151eaaa48bbd08b7cc37b52216cf54f54c41b24b,13.0,2021-07-21 19:01:37,39.0
122,0x47d6f96ba098816389db7c87cbf077de7181b853,Mythical,128985_0x47d6f96ba098816389db7c87cbf077de7181b853_1626894073,128985,10,0x1a8d886d3a4a2d2aeb817ebb781f0683351538b1,12.988,2021-07-21 19:01:13,129.88
123,0xa67868fb4f9828d046490dfc6ffb36a1e7651a55,Drop,128805_0xa67868fb4f9828d046490dfc6ffb36a1e7651a55_1626892997,128805,1,0x80039dc3d5bb48ec4bd822c4e8828574fdcc51a6,13.29,2021-07-21 18:43:17,13.29
124,0xe08b3443ecaf9da1ce31fd58c94f85021a9c5d4c,Mythical,128958_0xe08b3443ecaf9da1ce31fd58c94f85021a9c5d4c_1626890002,128958,2,0x69996febef47beb378514bac1a2dacc88d947698,13.0,2021-07-21 17:53:22,26.0
125,0xe08b3443ecaf9da1ce31fd58c94f85021a9c5d4c,Godlike,128922_0xe08b3443ecaf9da1ce31fd58c94f85021a9c5d4c_1626889956,128922,1,0x78026620b12f0b73af8315910042e16b12a62e06,65.0,2021-07-21 17:52:36,65.0
126,0x90c88c8331df8a21542b36bba3a0f226e46eb39d,Legendary,128951_0x90c88c8331df8a21542b36bba3a0f226e46eb39d_1626888479,128951,2,0xb72ed8401892466ea8af528c1af1d0524bc5e105,3.25,2021-07-21 17:27:59,6.5
127,0xae74d4af5310170f8b2c0227b0c8ca70c8e2c78f,Drop,128870_0xae74d4af5310170f8b2c0227b0c8ca70c8e2c78f_1626887827,128870,7,0x501ffc7ee44f7986c24fb5bf7c04c1ed6377ec87,13.44,2021-07-21 17:17:07,94.08
128,0xae74d4af5310170f8b2c0227b0c8ca70c8e2c78f,Drop,128906_0xae74d4af5310170f8b2c0227b0c8ca70c8e2c78f_1626887789,128906,5,0x6622e4fd2d799be7f10049daca88596dbb88f27c,13.1,2021-07-21 17:16:29,65.5
129,0xa67868fb4f9828d046490dfc6ffb36a1e7651a55,Drop,128856_0xa67868fb4f9828d046490dfc6ffb36a1e7651a55_1626884225,128856,2,0x1a760e3a431c8b9c075ed1280c8835a1a0f1651b,13.0,2021-07-21 16:17:05,26.0
130,0xa3ae371ce95e2febe99db246652d947b91af48c3,Mythical,128905_0xa3ae371ce95e2febe99db246652d947b91af48c3_1626883429,128905,5,0x6622e4fd2d799be7f10049daca88596dbb88f27c,13.2,2021-07-21 16:03:49,66.0
131,0xa3ae371ce95e2febe99db246652d947b91af48c3,Mythical,128923_0xa3ae371ce95e2febe99db246652d947b91af48c3_1626883375,128923,1,0x7fde3f63b902f408ffd681d75be29222fedf5a37,13.0,2021-07-21 16:02:55,13.0
132,0x40cf6bb888ca670e20139b1caa0ba0996f65371c,Drop,128827_0x40cf6bb888ca670e20139b1caa0ba0996f65371c_1626882425,128827,21,0xa405bb5b1cea47eb4e456cfe82923688bc4acf84,13.0,2021-07-21 15:47:05,273.0
133,0xe74acf3b57d092db0e2f71f0435bab6ed95c3a72,Drop,128926_0xe74acf3b57d092db0e2f71f0435bab6ed95c3a72_1626879949,128926,1,0xb72ed8401892466ea8af528c1af1d0524bc5e105,12.75,2021-07-21 15:05:49,12.75
134,0x72db34299d4bb489993a49822708ce692cca3eb2,Drop,128927_0x72db34299d4bb489993a49822708ce692cca3eb2_1626879483,128927,7,0xcbcdca647cfda9283992193604f8718a910b42fc,12.6,2021-07-21 14:58:03,88.2
135,0x47d6f96ba098816389db7c87cbf077de7181b853,Drop,128912_0x47d6f96ba098816389db7c87cbf077de7181b853_1626872215,128912,1,0xe9086950f6544580f3e173ee35b4b54c95d5e127,13.0,2021-07-21 12:56:55,13.0
136,0x72db34299d4bb489993a49822708ce692cca3eb2,Drop,128908_0x72db34299d4bb489993a49822708ce692cca3eb2_1626871765,128908,1,0x5600591dede2cbb4a9ca8bc9857024593b2e31f6,12.9,2021-07-21 12:49:25,12.9
137,0x90c88c8331df8a21542b36bba3a0f226e46eb39d,Drop,128827_0x90c88c8331df8a21542b36bba3a0f226e46eb39d_1626867959,128827,4,0xa405bb5b1cea47eb4e456cfe82923688bc4acf84,13.0,2021-07-21 11:45:59,52.0
138,0x90c88c8331df8a21542b36bba3a0f226e46eb39d,Drop,128882_0x90c88c8331df8a21542b36bba3a0f226e46eb39d_1626866703,128882,1,0xb04b318473306e843c8fe0b7d26c65b50ec21d71,12.5,2021-07-21 11:25:03,12.5
139,0x7e4724c60718a9f87ce51bcf8812bf90d0b7b9db,Mythical,128718_0x7e4724c60718a9f87ce51bcf8812bf90d0b7b9db_1626866505,128718,1,0x4295aef8e869b693cc474d34bb9c6fb1c7328299,13.46,2021-07-21 11:21:45,13.46
140,0x7e4724c60718a9f87ce51bcf8812bf90d0b7b9db,Mythical,128535_0x7e4724c60718a9f87ce51bcf8812bf90d0b7b9db_1626866431,128535,70,0xb02dc63b4e234e1abc36ead88df610d67f4920dd,13.5,2021-07-21 11:20:31,945.0
141,0x7e4724c60718a9f87ce51bcf8812bf90d0b7b9db,Mythical,128792_0x7e4724c60718a9f87ce51bcf8812bf90d0b7b9db_1626866399,128792,10,0xd4f7dd7723625e99cbeae39630939d364b4c5262,13.45,2021-07-21 11:19:59,134.5
142,0x7e4724c60718a9f87ce51bcf8812bf90d0b7b9db,Mythical,128772_0x7e4724c60718a9f87ce51bcf8812bf90d0b7b9db_1626866375,128772,3,0xe6f264be830c830084c89fd846cf97c45fe472bf,13.45,2021-07-21 11:19:35,40.349999999999994
143,0x7e4724c60718a9f87ce51bcf8812bf90d0b7b9db,Mythical,128738_0x7e4724c60718a9f87ce51bcf8812bf90d0b7b9db_1626866355,128738,3,0x3b8752cab4d90828eb847d4994237f36c5308285,13.45,2021-07-21 11:19:15,40.349999999999994
144,0x7e4724c60718a9f87ce51bcf8812bf90d0b7b9db,Mythical,128776_0x7e4724c60718a9f87ce51bcf8812bf90d0b7b9db_1626866335,128776,2,0x1c1538ed4bd82d76dc5f240ebafc02b00cbb823d,13.4,2021-07-21 11:18:55,26.8
145,0x7e4724c60718a9f87ce51bcf8812bf90d0b7b9db,Mythical,128764_0x7e4724c60718a9f87ce51bcf8812bf90d0b7b9db_1626866309,128764,1,0xa56e389a9ee4fe1d00d0fa2c90b06425e6952d71,13.4,2021-07-21 11:18:29,13.4
146,0x29746c9d6b317c6df26ac1751d6cb03a55c1b8d5,Drop,128875_0x29746c9d6b317c6df26ac1751d6cb03a55c1b8d5_1626866117,128875,2,0x3c5dd8e2dc893205d12a4dd037265187616d6c20,12.99,2021-07-21 11:15:17,25.98
147,0xf1cd34afa3e93559ef2e26e06d39a1a707be4fb4,Legendary,128530_0xf1cd34afa3e93559ef2e26e06d39a1a707be4fb4_1626866101,128530,3,0x966b106132ad96b1ffe45736d81693a8c58b6a90,3.39,2021-07-21 11:15:01,10.17
148,0xf1cd34afa3e93559ef2e26e06d39a1a707be4fb4,Drop,128827_0xf1cd34afa3e93559ef2e26e06d39a1a707be4fb4_1626865935,128827,11,0xa405bb5b1cea47eb4e456cfe82923688bc4acf84,13.0,2021-07-21 11:12:15,143.0
149,0xf1cd34afa3e93559ef2e26e06d39a1a707be4fb4,Legendary,128530_0xf1cd34afa3e93559ef2e26e06d39a1a707be4fb4_1626865771,128530,1,0x966b106132ad96b1ffe45736d81693a8c58b6a90,3.39,2021-07-21 11:09:31,3.39
150,0xf1cd34afa3e93559ef2e26e06d39a1a707be4fb4,Mythical,128762_0xf1cd34afa3e93559ef2e26e06d39a1a707be4fb4_1626864039,128762,1,0xafae1008f042b9647756cc4176226d8c9e62f422,13.3,2021-07-21 10:40:39,13.3
151,0xf1cd34afa3e93559ef2e26e06d39a1a707be4fb4,Legendary,128795_0xf1cd34afa3e93559ef2e26e06d39a1a707be4fb4_1626863625,128795,2,0x484103bf19fd4c37102eb76c1d7b271a3aae5865,3.25,2021-07-21 10:33:45,6.5
152,0xf1cd34afa3e93559ef2e26e06d39a1a707be4fb4,Legendary,128746_0xf1cd34afa3e93559ef2e26e06d39a1a707be4fb4_1626863571,128746,1,0x6f989e63ef392db5a40a6347fedf72e69d602897,3.2,2021-07-21 10:32:51,3.2
153,0x3b3120e283c08daabb5e3f240e008387ef8a67db,Legendary,128746_0x3b3120e283c08daabb5e3f240e008387ef8a67db_1626862877,128746,1,0x6f989e63ef392db5a40a6347fedf72e69d602897,3.2,2021-07-21 10:21:17,3.2
154,0x3b3120e283c08daabb5e3f240e008387ef8a67db,Legendary,128846_0x3b3120e283c08daabb5e3f240e008387ef8a67db_1626862871,128846,3,0x2c6b5036f61047e0ab0e858f45767f14ad24f07a,3.15,2021-07-21 10:21:11,9.45
155,0x3669db0049ffc4bb850fdf7c3fb8d13b26c5fb71,Legendary,128862_0x3669db0049ffc4bb850fdf7c3fb8d13b26c5fb71_1626860308,128862,1,0x9a9ca7db52932443b94edf003dfb4dfa569947ef,3.1,2021-07-21 09:38:28,3.1
156,0xae74d4af5310170f8b2c0227b0c8ca70c8e2c78f,Drop,128827_0xae74d4af5310170f8b2c0227b0c8ca70c8e2c78f_1626860082,128827,9,0xa405bb5b1cea47eb4e456cfe82923688bc4acf84,13.0,2021-07-21 09:34:42,117.0
157,0xae74d4af5310170f8b2c0227b0c8ca70c8e2c78f,Drop,128848_0xae74d4af5310170f8b2c0227b0c8ca70c8e2c78f_1626860040,128848,11,0xe4464675b21c1e9f80b839a2bc4ed7a3c586f86e,12.99,2021-07-21 09:34:00,142.89000000000001
158,0x3b3120e283c08daabb5e3f240e008387ef8a67db,Drop,128857_0x3b3120e283c08daabb5e3f240e008387ef8a67db_1626857647,128857,1,0xd4690ced27007fed0c3fb1738b1e031d6d8092b0,12.5,2021-07-21 08:54:07,12.5
159,0x35001a8bdb3a224d05f086094c12fd4c9009986d,Drop,128849_0x35001a8bdb3a224d05f086094c12fd4c9009986d_1626854881,128849,1,0x9a9ca7db52932443b94edf003dfb4dfa569947ef,12.8,2021-07-21 08:08:01,12.8
160,0x47d6f96ba098816389db7c87cbf077de7181b853,Drop,128827_0x47d6f96ba098816389db7c87cbf077de7181b853_1626852173,128827,1,0xa405bb5b1cea47eb4e456cfe82923688bc4acf84,13.0,2021-07-21 07:22:53,13.0
161,0x47d6f96ba098816389db7c87cbf077de7181b853,Drop,128827_0x47d6f96ba098816389db7c87cbf077de7181b853_1626852153,128827,4,0xa405bb5b1cea47eb4e456cfe82923688bc4acf84,13.0,2021-07-21 07:22:33,52.0
162,0xe69c2f976bdf4eb965f4807c03eedf810fe7c97a,Drop,128836_0xe69c2f976bdf4eb965f4807c03eedf810fe7c97a_1626852087,128836,1,0x6537d728d0ea121b2a7ffd6de43eacceb7cd21f3,12.7,2021-07-21 07:21:27,12.7
163,0xa3ae371ce95e2febe99db246652d947b91af48c3,Mythical,128838_0xa3ae371ce95e2febe99db246652d947b91af48c3_1626851969,128838,1,0x6537d728d0ea121b2a7ffd6de43eacceb7cd21f3,12.8,2021-07-21 07:19:29,12.8
164,0xa3ae371ce95e2febe99db246652d947b91af48c3,Mythical,128745_0xa3ae371ce95e2febe99db246652d947b91af48c3_1626851919,128745,1,0x6f989e63ef392db5a40a6347fedf72e69d602897,13.0,2021-07-21 07:18:39,13.0
165,0xa3ae371ce95e2febe99db246652d947b91af48c3,Mythical,128821_0xa3ae371ce95e2febe99db246652d947b91af48c3_1626851891,128821,3,0x44b8f74912b58f1303ad19db10ac6c07cb0639b1,13.3,2021-07-21 07:18:11,39.900000000000006
166,0x8560f3aa7c2522bfeabca88bb8f5f55efe9611fe,Rare,128768_0x8560f3aa7c2522bfeabca88bb8f5f55efe9611fe_1626848617,128768,2,0x7742d70cb3ae62e4d7958c5eaf6c0a45cdc9ca9e,0.57,2021-07-21 06:23:37,1.14
167,0x8560f3aa7c2522bfeabca88bb8f5f55efe9611fe,Common,128789_0x8560f3aa7c2522bfeabca88bb8f5f55efe9611fe_1626848533,128789,201,0x826088b7174bd1f07becf359025fa751e6ac11cb,0.059,2021-07-21 06:22:13,11.859
168,0x8560f3aa7c2522bfeabca88bb8f5f55efe9611fe,Rare,128780_0x8560f3aa7c2522bfeabca88bb8f5f55efe9611fe_1626848493,128780,12,0x7f1f0d3daa63c905b185e0a1f2b79a0fbb603991,0.54,2021-07-21 06:21:33,6.48
169,0x8560f3aa7c2522bfeabca88bb8f5f55efe9611fe,Common,128797_0x8560f3aa7c2522bfeabca88bb8f5f55efe9611fe_1626848433,128797,30,0x7742d70cb3ae62e4d7958c5eaf6c0a45cdc9ca9e,0.06,2021-07-21 06:20:33,1.7999999999999998
170,0x8560f3aa7c2522bfeabca88bb8f5f55efe9611fe,Rare,128796_0x8560f3aa7c2522bfeabca88bb8f5f55efe9611fe_1626848433,128796,3,0x484103bf19fd4c37102eb76c1d7b271a3aae5865,0.55,2021-07-21 06:20:33,1.6500000000000001
171,0x5b92b1db3e4e4089898d5837aa1396090419ea8d,Legendary,128599_0x5b92b1db3e4e4089898d5837aa1396090419ea8d_1626844589,128599,1,0xcbc73c8c9b7bad765515519260b81fd61daf46af,3.3,2021-07-21 05:16:29,3.3
172,0x33fc77321cd928cc756042d02a4a2b50336dc43f,Rare,128519_0x33fc77321cd928cc756042d02a4a2b50336dc43f_1626838218,128519,3,0xb3c49ee3185f3c710294b36ed13988ca9a62abc2,0.66,2021-07-21 03:30:18,1.98
173,0xe69c2f976bdf4eb965f4807c03eedf810fe7c97a,Legendary,128743_0xe69c2f976bdf4eb965f4807c03eedf810fe7c97a_1626836792,128743,2,0x4295aef8e869b693cc474d34bb9c6fb1c7328299,3.2,2021-07-21 03:06:32,6.4
174,0x06b1bf28c962363f212878bdf87417ebd0316220,Drop,128736_0x06b1bf28c962363f212878bdf87417ebd0316220_1626836290,128736,2,0x3955f4c5a02bfc4131134fc39129a2bdc035d28d,13.6,2021-07-21 02:58:10,27.2
175,0x06b1bf28c962363f212878bdf87417ebd0316220,Drop,128737_0x06b1bf28c962363f212878bdf87417ebd0316220_1626836274,128737,5,0xd1ccab6b1f4606d80106b52a4415985ab78cbb93,13.5,2021-07-21 02:57:54,67.5
176,0xc8e28179be49bd5bdcb39576fd3c183fda367c34,Uncommon,128454_0xc8e28179be49bd5bdcb39576fd3c183fda367c34_1626833056,128454,1,0x9a9ca7db52932443b94edf003dfb4dfa569947ef,0.35,2021-07-21 02:04:16,0.35
177,0x18376b013ff6f238e9cdd9c1e72e2085197e525d,Godlike,128755_0x18376b013ff6f238e9cdd9c1e72e2085197e525d_1626832058,128755,1,0xbec2a2bef3566474975efa9a9c6455840dc0a2c5,55.0,2021-07-21 01:47:38,55.0
178,0x99f63103c109dbce7a45e111da8cf2c8c86cf6c1,Uncommon,128585_0x99f63103c109dbce7a45e111da8cf2c8c86cf6c1_1626831994,128585,12,0xe9d3e7c109537a3a4f213cf9225b45d0409adba2,0.33,2021-07-21 01:46:34,3.96
179,0x273eb2a0856789d6bf07c374d4270fa89bb045fc,Mythical,128651_0x273eb2a0856789d6bf07c374d4270fa89bb045fc_1626827984,128651,1,0xd832dc1b9f66f3ef378a9c21bbeffaae9469be2d,13.45,2021-07-21 00:39:44,13.45
180,0xdf14100b76a5b5fd46fba22b7ac124919cffc92a,Legendary,128599_0xdf14100b76a5b5fd46fba22b7ac124919cffc92a_1626821646,128599,14,0xcbc73c8c9b7bad765515519260b81fd61daf46af,3.3,2021-07-20 22:54:06,46.199999999999996
181,0xdf14100b76a5b5fd46fba22b7ac124919cffc92a,Legendary,128669_0xdf14100b76a5b5fd46fba22b7ac124919cffc92a_1626821628,128669,2,0xb72ed8401892466ea8af528c1af1d0524bc5e105,3.25,2021-07-20 22:53:48,6.5
182,0xdf14100b76a5b5fd46fba22b7ac124919cffc92a,Legendary,128676_0xdf14100b76a5b5fd46fba22b7ac124919cffc92a_1626821598,128676,9,0x25d073a9f2cd3fbfe1a5fec8edfee1e80e9613cb,3.23,2021-07-20 22:53:18,29.07
183,0x3669db0049ffc4bb850fdf7c3fb8d13b26c5fb71,Legendary,128722_0x3669db0049ffc4bb850fdf7c3fb8d13b26c5fb71_1626818348,128722,2,0xdac12b6ddbf055ee542f0ed460a32d1e9f361ca4,3.0,2021-07-20 21:59:08,6.0
184,0x7e4724c60718a9f87ce51bcf8812bf90d0b7b9db,Mythical,128535_0x7e4724c60718a9f87ce51bcf8812bf90d0b7b9db_1626817402,128535,9,0xb02dc63b4e234e1abc36ead88df610d67f4920dd,13.5,2021-07-20 21:43:22,121.5
185,0x7e4724c60718a9f87ce51bcf8812bf90d0b7b9db,Drop,128547_0x7e4724c60718a9f87ce51bcf8812bf90d0b7b9db_1626817276,128547,2,0x7bb8705a3581f549c039401903251aa010ade9c6,13.55,2021-07-20 21:41:16,27.1
186,0x7e4724c60718a9f87ce51bcf8812bf90d0b7b9db,Drop,128547_0x7e4724c60718a9f87ce51bcf8812bf90d0b7b9db_1626816874,128547,20,0x7bb8705a3581f549c039401903251aa010ade9c6,13.55,2021-07-20 21:34:34,271.0
187,0x7e4724c60718a9f87ce51bcf8812bf90d0b7b9db,Drop,128610_0x7e4724c60718a9f87ce51bcf8812bf90d0b7b9db_1626816818,128610,18,0x717c02129cb01b3c759ea960d75b48e8babc8227,13.5,2021-07-20 21:33:38,243.0
188,0x7e4724c60718a9f87ce51bcf8812bf90d0b7b9db,Drop,128605_0x7e4724c60718a9f87ce51bcf8812bf90d0b7b9db_1626816196,128605,9,0xa1586347c540c1b5cd83113872eeb7815a57dfe6,13.5,2021-07-20 21:23:16,121.5
189,0x7e4724c60718a9f87ce51bcf8812bf90d0b7b9db,Drop,128467_0x7e4724c60718a9f87ce51bcf8812bf90d0b7b9db_1626816044,128467,6,0xe0350c57c2ba6ef8731e41e06f528e6661355b6b,13.5,2021-07-20 21:20:44,81.0
190,0x7e4724c60718a9f87ce51bcf8812bf90d0b7b9db,Drop,128618_0x7e4724c60718a9f87ce51bcf8812bf90d0b7b9db_1626816020,128618,1,0xcc84cc9462e4f1f45597c584123ee31cd7e5864b,13.49,2021-07-20 21:20:20,13.49
191,0x7e4724c60718a9f87ce51bcf8812bf90d0b7b9db,Drop,128604_0x7e4724c60718a9f87ce51bcf8812bf90d0b7b9db_1626816002,128604,5,0x81bce32046334de332632741036dd178c0fa642a,13.49,2021-07-20 21:20:02,67.45
192,0x7e4724c60718a9f87ce51bcf8812bf90d0b7b9db,Drop,128608_0x7e4724c60718a9f87ce51bcf8812bf90d0b7b9db_1626815924,128608,3,0x0d445f3bd6ef41f200daaa3df19d5481207cc216,13.48,2021-07-20 21:18:44,40.44
193,0x7e4724c60718a9f87ce51bcf8812bf90d0b7b9db,Drop,128706_0x7e4724c60718a9f87ce51bcf8812bf90d0b7b9db_1626815824,128706,1,0xe5be77e6e9cfcae7f24dbf9a20f0fb24ef5b555c,13.0,2021-07-20 21:17:04,13.0
194,0x7e4724c60718a9f87ce51bcf8812bf90d0b7b9db,Drop,128629_0x7e4724c60718a9f87ce51bcf8812bf90d0b7b9db_1626815626,128629,3,0x017154d1f2c228765c494da30c018fa48a09e1ad,13.45,2021-07-20 21:13:46,40.349999999999994
195,0x7e4724c60718a9f87ce51bcf8812bf90d0b7b9db,Drop,128623_0x7e4724c60718a9f87ce51bcf8812bf90d0b7b9db_1626815604,128623,1,0x40e5423132d2f6b5dc110781e269df7a65674c75,13.45,2021-07-20 21:13:24,13.45
196,0xee5cda91e4ddcde24d44dafd74bed4ba068f8ac2,Legendary,128676_0xee5cda91e4ddcde24d44dafd74bed4ba068f8ac2_1626815574,128676,2,0x25d073a9f2cd3fbfe1a5fec8edfee1e80e9613cb,3.23,2021-07-20 21:12:54,6.46
197,0x7e4724c60718a9f87ce51bcf8812bf90d0b7b9db,Drop,128622_0x7e4724c60718a9f87ce51bcf8812bf90d0b7b9db_1626815500,128622,5,0xdf1ea9311a66134d4dac70bde54aba03d77e1cb8,13.45,2021-07-20 21:11:40,67.25
198,0x7e4724c60718a9f87ce51bcf8812bf90d0b7b9db,Drop,128619_0x7e4724c60718a9f87ce51bcf8812bf90d0b7b9db_1626815450,128619,3,0xa9984bb9251d03781677ad543729374a6eb72d41,13.38,2021-07-20 21:10:50,40.14
199,0x7e4724c60718a9f87ce51bcf8812bf90d0b7b9db,Drop,128624_0x7e4724c60718a9f87ce51bcf8812bf90d0b7b9db_1626815420,128624,2,0x501ffc7ee44f7986c24fb5bf7c04c1ed6377ec87,13.37,2021-07-20 21:10:20,26.74
200,0x7e4724c60718a9f87ce51bcf8812bf90d0b7b9db,Drop,128643_0x7e4724c60718a9f87ce51bcf8812bf90d0b7b9db_1626815380,128643,2,0xb675b284d6f7d59f5b03b9b4da43d89b0d8a277d,13.3,2021-07-20 21:09:40,26.6
201,0x7e4724c60718a9f87ce51bcf8812bf90d0b7b9db,Godlike,128532_0x7e4724c60718a9f87ce51bcf8812bf90d0b7b9db_1626815250,128532,1,0x966b106132ad96b1ffe45736d81693a8c58b6a90,68.0,2021-07-20 21:07:30,68.0
202,0x7e4724c60718a9f87ce51bcf8812bf90d0b7b9db,Godlike,128626_0x7e4724c60718a9f87ce51bcf8812bf90d0b7b9db_1626815222,128626,1,0x40e5423132d2f6b5dc110781e269df7a65674c75,65.0,2021-07-20 21:07:02,65.0
203,0x7e4724c60718a9f87ce51bcf8812bf90d0b7b9db,Godlike,128419_0x7e4724c60718a9f87ce51bcf8812bf90d0b7b9db_1626815198,128419,17,0xb02dc63b4e234e1abc36ead88df610d67f4920dd,65.0,2021-07-20 21:06:38,1105.0
204,0x7e4724c60718a9f87ce51bcf8812bf90d0b7b9db,Mythical,128638_0x7e4724c60718a9f87ce51bcf8812bf90d0b7b9db_1626815112,128638,25,0xfa414ebae57eeb81f74ccd5015ab2548570e13b0,13.49,2021-07-20 21:05:12,337.25
205,0x7e4724c60718a9f87ce51bcf8812bf90d0b7b9db,Drop,128639_0x7e4724c60718a9f87ce51bcf8812bf90d0b7b9db_1626815074,128639,25,0xfa414ebae57eeb81f74ccd5015ab2548570e13b0,13.49,2021-07-20 21:04:34,337.25
206,0x7e4724c60718a9f87ce51bcf8812bf90d0b7b9db,Drop,128604_0x7e4724c60718a9f87ce51bcf8812bf90d0b7b9db_1626814974,128604,20,0x81bce32046334de332632741036dd178c0fa642a,13.49,2021-07-20 21:02:54,269.8
207,0x7e4724c60718a9f87ce51bcf8812bf90d0b7b9db,Drop,128553_0x7e4724c60718a9f87ce51bcf8812bf90d0b7b9db_1626814868,128553,20,0x4f285bdd5809d768b79f2ab549921122cea2f12e,13.49,2021-07-20 21:01:08,269.8
208,0x7e4724c60718a9f87ce51bcf8812bf90d0b7b9db,Drop,128629_0x7e4724c60718a9f87ce51bcf8812bf90d0b7b9db_1626814846,128629,20,0x017154d1f2c228765c494da30c018fa48a09e1ad,13.45,2021-07-20 21:00:46,269.0
209,0x7e4724c60718a9f87ce51bcf8812bf90d0b7b9db,Drop,128619_0x7e4724c60718a9f87ce51bcf8812bf90d0b7b9db_1626814788,128619,10,0xa9984bb9251d03781677ad543729374a6eb72d41,13.38,2021-07-20 20:59:48,133.8
210,0x7e4724c60718a9f87ce51bcf8812bf90d0b7b9db,Drop,128624_0x7e4724c60718a9f87ce51bcf8812bf90d0b7b9db_1626814766,128624,10,0x501ffc7ee44f7986c24fb5bf7c04c1ed6377ec87,13.37,2021-07-20 20:59:26,133.7
211,0x7e4724c60718a9f87ce51bcf8812bf90d0b7b9db,Drop,128642_0x7e4724c60718a9f87ce51bcf8812bf90d0b7b9db_1626814750,128642,20,0xeeef2aa134abefc7406c50ccf9cf562740c6ce15,13.49,2021-07-20 20:59:10,269.8
212,0x47d6f96ba098816389db7c87cbf077de7181b853,Drop,128675_0x47d6f96ba098816389db7c87cbf077de7181b853_1626814746,128675,1,0x31b3db5412fbb08f8c1038f3c6b8deba73ef01ce,13.0,2021-07-20 20:59:06,13.0
213,0x7e4724c60718a9f87ce51bcf8812bf90d0b7b9db,Mythical,128638_0x7e4724c60718a9f87ce51bcf8812bf90d0b7b9db_1626814700,128638,5,0xfa414ebae57eeb81f74ccd5015ab2548570e13b0,13.49,2021-07-20 20:58:20,67.45
214,0x7e4724c60718a9f87ce51bcf8812bf90d0b7b9db,Mythical,128651_0x7e4724c60718a9f87ce51bcf8812bf90d0b7b9db_1626814670,128651,45,0xd832dc1b9f66f3ef378a9c21bbeffaae9469be2d,13.45,2021-07-20 20:57:50,605.25
215,0xae74d4af5310170f8b2c0227b0c8ca70c8e2c78f,Mythical,128651_0xae74d4af5310170f8b2c0227b0c8ca70c8e2c78f_1626814036,128651,4,0xd832dc1b9f66f3ef378a9c21bbeffaae9469be2d,13.45,2021-07-20 20:47:16,53.8
216,0xae74d4af5310170f8b2c0227b0c8ca70c8e2c78f,Drop,128678_0xae74d4af5310170f8b2c0227b0c8ca70c8e2c78f_1626813996,128678,11,0x5173b8ea30cbcffa8e049b762f2d1a92c21b02c9,12.98,2021-07-20 20:46:36,142.78
217,0xa40633df77e6065c7545cd4fcd79f0ce2fa42cf1,Legendary,128676_0xa40633df77e6065c7545cd4fcd79f0ce2fa42cf1_1626813972,128676,1,0x25d073a9f2cd3fbfe1a5fec8edfee1e80e9613cb,3.23,2021-07-20 20:46:12,3.23
218,0xe69c2f976bdf4eb965f4807c03eedf810fe7c97a,Drop,128672_0xe69c2f976bdf4eb965f4807c03eedf810fe7c97a_1626810083,128672,2,0x31b3db5412fbb08f8c1038f3c6b8deba73ef01ce,13.0,2021-07-20 19:41:23,26.0
219,0x47d6f96ba098816389db7c87cbf077de7181b853,Drop,128660_0x47d6f96ba098816389db7c87cbf077de7181b853_1626807155,128660,1,0x6d807e6564d90de613e2280a3e943c32a57e18d6,13.2,2021-07-20 18:52:35,13.2
220,0x72db34299d4bb489993a49822708ce692cca3eb2,Godlike,128650_0x72db34299d4bb489993a49822708ce692cca3eb2_1626804465,128650,3,0x6f989e63ef392db5a40a6347fedf72e69d602897,64.5,2021-07-20 18:07:45,193.5
221,0x8560f3aa7c2522bfeabca88bb8f5f55efe9611fe,Legendary,128657_0x8560f3aa7c2522bfeabca88bb8f5f55efe9611fe_1626803971,128657,1,0x116652732b19f7db6ee3b1d3075e87400ebd981d,3.2,2021-07-20 17:59:31,3.2
222,0xb2a1a7c670df98a600194b525014926a2b50a334,Drop,128655_0xb2a1a7c670df98a600194b525014926a2b50a334_1626803699,128655,6,0x1c1538ed4bd82d76dc5f240ebafc02b00cbb823d,13.3,2021-07-20 17:54:59,79.80000000000001
223,0xe88632728ed377f556cb964e6f670f6017d497e4,Common,128588_0xe88632728ed377f556cb964e6f670f6017d497e4_1626796374,128588,35,0xe9d3e7c109537a3a4f213cf9225b45d0409adba2,0.066,2021-07-20 15:52:54,2.31
224,0x32057597286efed4d8833de4d7b57907e1cd4012,Drop,128624_0x32057597286efed4d8833de4d7b57907e1cd4012_1626796036,128624,3,0x501ffc7ee44f7986c24fb5bf7c04c1ed6377ec87,13.37,2021-07-20 15:47:16,40.11
225,0x32057597286efed4d8833de4d7b57907e1cd4012,Mythical,128564_0x32057597286efed4d8833de4d7b57907e1cd4012_1626795980,128564,30,0x4f285bdd5809d768b79f2ab549921122cea2f12e,13.49,2021-07-20 15:46:20,404.7
226,0x32057597286efed4d8833de4d7b57907e1cd4012,Mythical,128598_0x32057597286efed4d8833de4d7b57907e1cd4012_1626795898,128598,48,0xd832dc1b9f66f3ef378a9c21bbeffaae9469be2d,13.4,2021-07-20 15:44:58,643.2
227,0x32057597286efed4d8833de4d7b57907e1cd4012,Mythical,128612_0x32057597286efed4d8833de4d7b57907e1cd4012_1626795866,128612,1,0xeacda30bdcd8373e5b847b47c9f4ebbf017154c9,13.3,2021-07-20 15:44:26,13.3
228,0x32057597286efed4d8833de4d7b57907e1cd4012,Mythical,128625_0x32057597286efed4d8833de4d7b57907e1cd4012_1626795842,128625,1,0x80039dc3d5bb48ec4bd822c4e8828574fdcc51a6,13.19,2021-07-20 15:44:02,13.19
229,0x3669db0049ffc4bb850fdf7c3fb8d13b26c5fb71,Rare,128602_0x3669db0049ffc4bb850fdf7c3fb8d13b26c5fb71_1626790631,128602,2,0x8601e1d057c8f4149d389c1c8750c9a14d51cce5,0.54,2021-07-20 14:17:11,1.08
230,0x3669db0049ffc4bb850fdf7c3fb8d13b26c5fb71,Legendary,128600_0x3669db0049ffc4bb850fdf7c3fb8d13b26c5fb71_1626790463,128600,1,0xadf228a1a9e705ca02a998e1b1bc6f14b3bba908,3.0,2021-07-20 14:14:23,3.0
231,0x002d2715b179d0db3e17cc28317a98f2f65e6884,Drop,128590_0x002d2715b179d0db3e17cc28317a98f2f65e6884_1626789899,128590,25,0x81bce32046334de332632741036dd178c0fa642a,13.49,2021-07-20 14:04:59,337.25
232,0x002d2715b179d0db3e17cc28317a98f2f65e6884,Drop,128533_0x002d2715b179d0db3e17cc28317a98f2f65e6884_1626789881,128533,16,0x966b106132ad96b1ffe45736d81693a8c58b6a90,13.49,2021-07-20 14:04:41,215.84
233,0x002d2715b179d0db3e17cc28317a98f2f65e6884,Drop,128584_0x002d2715b179d0db3e17cc28317a98f2f65e6884_1626789865,128584,1,0xb72ed8401892466ea8af528c1af1d0524bc5e105,13.4,2021-07-20 14:04:25,13.4
234,0x002d2715b179d0db3e17cc28317a98f2f65e6884,Drop,128561_0x002d2715b179d0db3e17cc28317a98f2f65e6884_1626789857,128561,6,0xcc84cc9462e4f1f45597c584123ee31cd7e5864b,13.4,2021-07-20 14:04:17,80.4
235,0x47d6f96ba098816389db7c87cbf077de7181b853,Drop,128559_0x47d6f96ba098816389db7c87cbf077de7181b853_1626788508,128559,2,0x830437c8d234c61ae6bffbc11f2b885e6e934554,13.4,2021-07-20 13:41:48,26.8
236,0x3669db0049ffc4bb850fdf7c3fb8d13b26c5fb71,Rare,128562_0x3669db0049ffc4bb850fdf7c3fb8d13b26c5fb71_1626786705,128562,12,0xce11e75cd3e1781202f73c641729bbb65bfe0226,0.55,2021-07-20 13:11:45,6.6000000000000005
237,0x7e4724c60718a9f87ce51bcf8812bf90d0b7b9db,Drop,128549_0x7e4724c60718a9f87ce51bcf8812bf90d0b7b9db_1626786206,128549,9,0xfa414ebae57eeb81f74ccd5015ab2548570e13b0,13.5,2021-07-20 13:03:26,121.5
238,0x6e28bae826e39d8002942edd80e5fa8dfa115d4a,Drop,128533_0x6e28bae826e39d8002942edd80e5fa8dfa115d4a_1626785539,128533,2,0x966b106132ad96b1ffe45736d81693a8c58b6a90,13.49,2021-07-20 12:52:19,26.98
239,0xb2a1a7c670df98a600194b525014926a2b50a334,Drop,128521_0xb2a1a7c670df98a600194b525014926a2b50a334_1626785289,128521,3,0xaddacb6862b8df2f0e78304ff48f2fcaa42677b3,13.4,2021-07-20 12:48:09,40.2
240,0x6e28bae826e39d8002942edd80e5fa8dfa115d4a,Drop,128512_0x6e28bae826e39d8002942edd80e5fa8dfa115d4a_1626784241,128512,3,0x705415b435751ecc1793a1071f8ac9c2d8bfee87,13.4,2021-07-20 12:30:41,40.2
241,0x7e4724c60718a9f87ce51bcf8812bf90d0b7b9db,Mythical,128535_0x7e4724c60718a9f87ce51bcf8812bf90d0b7b9db_1626782213,128535,5,0xb02dc63b4e234e1abc36ead88df610d67f4920dd,13.5,2021-07-20 11:56:53,67.5
242,0x7e4724c60718a9f87ce51bcf8812bf90d0b7b9db,Mythical,128535_0x7e4724c60718a9f87ce51bcf8812bf90d0b7b9db_1626782171,128535,100,0xb02dc63b4e234e1abc36ead88df610d67f4920dd,13.5,2021-07-20 11:56:11,1350.0
243,0x35de889c57d1b5e4a48e6f7011183c93d200f3d7,Drop,128528_0x35de889c57d1b5e4a48e6f7011183c93d200f3d7_1626781831,128528,1,0x5600591dede2cbb4a9ca8bc9857024593b2e31f6,13.3,2021-07-20 11:50:31,13.3
244,0x3669db0049ffc4bb850fdf7c3fb8d13b26c5fb71,Legendary,128540_0x3669db0049ffc4bb850fdf7c3fb8d13b26c5fb71_1626781481,128540,2,0x35de889c57d1b5e4a48e6f7011183c93d200f3d7,3.0,2021-07-20 11:44:41,6.0
245,0xae74d4af5310170f8b2c0227b0c8ca70c8e2c78f,Drop,128533_0xae74d4af5310170f8b2c0227b0c8ca70c8e2c78f_1626780764,128533,2,0x966b106132ad96b1ffe45736d81693a8c58b6a90,13.49,2021-07-20 11:32:44,26.98
246,0xae74d4af5310170f8b2c0227b0c8ca70c8e2c78f,Godlike,128419_0xae74d4af5310170f8b2c0227b0c8ca70c8e2c78f_1626780734,128419,1,0xb02dc63b4e234e1abc36ead88df610d67f4920dd,65.0,2021-07-20 11:32:14,65.0
247,0x7f4b4ae8ff4f35c064fe11457fc92b8d11af612c,Mythical,128445_0x7f4b4ae8ff4f35c064fe11457fc92b8d11af612c_1626777698,128445,2,0xcc84cc9462e4f1f45597c584123ee31cd7e5864b,13.599,2021-07-20 10:41:38,27.198
248,0x7f4b4ae8ff4f35c064fe11457fc92b8d11af612c,Mythical,128493_0x7f4b4ae8ff4f35c064fe11457fc92b8d11af612c_1626777646,128493,1,0xaa6cc61c9293d6f8ab62341b21a8956532623089,13.5,2021-07-20 10:40:46,13.5
249,0x32057597286efed4d8833de4d7b57907e1cd4012,Mythical,128515_0x32057597286efed4d8833de4d7b57907e1cd4012_1626775642,128515,1,0xaba3abe71987030782b3312f23ca0f199791a748,13.0,2021-07-20 10:07:22,13.0
250,0x32057597286efed4d8833de4d7b57907e1cd4012,Mythical,128506_0x32057597286efed4d8833de4d7b57907e1cd4012_1626775590,128506,1,0xbdbf4fa859c64d4146389daab9b4f3902517e632,13.0,2021-07-20 10:06:30,13.0
251,0x3b3120e283c08daabb5e3f240e008387ef8a67db,Godlike,128419_0x3b3120e283c08daabb5e3f240e008387ef8a67db_1626774115,128419,2,0xb02dc63b4e234e1abc36ead88df610d67f4920dd,65.0,2021-07-20 09:41:55,130.0
252,0x32057597286efed4d8833de4d7b57907e1cd4012,Drop,128492_0x32057597286efed4d8833de4d7b57907e1cd4012_1626772317,128492,5,0xcd6c1eef36ced2ec98ce4291d9ed32ffb9230ab7,13.4,2021-07-20 09:11:57,67.0
253,0x18376b013ff6f238e9cdd9c1e72e2085197e525d,Godlike,128496_0x18376b013ff6f238e9cdd9c1e72e2085197e525d_1626771907,128496,1,0x5818faf54c45e8d14be385a810a054009dafc089,60.0,2021-07-20 09:05:07,60.0
254,0xae74d4af5310170f8b2c0227b0c8ca70c8e2c78f,Drop,128471_0xae74d4af5310170f8b2c0227b0c8ca70c8e2c78f_1626764874,128471,15,0x017154d1f2c228765c494da30c018fa48a09e1ad,13.5,2021-07-20 07:07:54,202.5
255,0xd498fa60416a52a518fd559d748e9b1dfbdad9ff,Rare,127364_0xd498fa60416a52a518fd559d748e9b1dfbdad9ff_1626763644,127364,4,0x8ea3e7baef206dcafc31678a559bbd0f2ee4570b,0.68,2021-07-20 06:47:24,2.72
256,0xbd6f5bdc401ab1ca811e40755f4a2ddad75ce2cc,Legendary,128464_0xbd6f5bdc401ab1ca811e40755f4a2ddad75ce2cc_1626763366,128464,1,0xd498fa60416a52a518fd559d748e9b1dfbdad9ff,3.1,2021-07-20 06:42:46,3.1
257,0x32057597286efed4d8833de4d7b57907e1cd4012,Mythical,128458_0x32057597286efed4d8833de4d7b57907e1cd4012_1626763234,128458,2,0xaa6cc61c9293d6f8ab62341b21a8956532623089,13.0,2021-07-20 06:40:34,26.0
258,0xe88632728ed377f556cb964e6f670f6017d497e4,Rare,127364_0xe88632728ed377f556cb964e6f670f6017d497e4_1626762436,127364,10,0x8ea3e7baef206dcafc31678a559bbd0f2ee4570b,0.68,2021-07-20 06:27:16,6.800000000000001
259,0xe88632728ed377f556cb964e6f670f6017d497e4,Drop,128441_0xe88632728ed377f556cb964e6f670f6017d497e4_1626762220,128441,1,0xa1586347c540c1b5cd83113872eeb7815a57dfe6,13.6,2021-07-20 06:23:40,13.6
260,0xa3ae371ce95e2febe99db246652d947b91af48c3,Mythical,128423_0xa3ae371ce95e2febe99db246652d947b91af48c3_1626762092,128423,1,0xf96ddaa24d9f01d30443d5e95dbee0e79afc59d3,13.5,2021-07-20 06:21:32,13.5
261,0x29746c9d6b317c6df26ac1751d6cb03a55c1b8d5,Drop,128440_0x29746c9d6b317c6df26ac1751d6cb03a55c1b8d5_1626761900,128440,1,0xd31bac2ee675cf904a68da14ba80efb9b405a4f5,13.5,2021-07-20 06:18:20,13.5
262,0x29746c9d6b317c6df26ac1751d6cb03a55c1b8d5,Drop,128436_0x29746c9d6b317c6df26ac1751d6cb03a55c1b8d5_1626761894,128436,1,0x9a9ca7db52932443b94edf003dfb4dfa569947ef,13.5,2021-07-20 06:18:14,13.5
263,0x29746c9d6b317c6df26ac1751d6cb03a55c1b8d5,Drop,128421_0x29746c9d6b317c6df26ac1751d6cb03a55c1b8d5_1626761876,128421,5,0x717c02129cb01b3c759ea960d75b48e8babc8227,13.6,2021-07-20 06:17:56,68.0
264,0xbd6f5bdc401ab1ca811e40755f4a2ddad75ce2cc,Rare,128446_0xbd6f5bdc401ab1ca811e40755f4a2ddad75ce2cc_1626761424,128446,4,0xaede4bf4ca6b456cc23a18bf01acf66ce678d4db,0.45,2021-07-20 06:10:24,1.8
265,0x18376b013ff6f238e9cdd9c1e72e2085197e525d,Legendary,128443_0x18376b013ff6f238e9cdd9c1e72e2085197e525d_1626761356,128443,3,0xaede4bf4ca6b456cc23a18bf01acf66ce678d4db,2.9,2021-07-20 06:09:16,8.7
266,0x8560f3aa7c2522bfeabca88bb8f5f55efe9611fe,Drop,128439_0x8560f3aa7c2522bfeabca88bb8f5f55efe9611fe_1626761284,128439,1,0x9c3bacade6bbe81a6238110a28628512abf4ec4a,13.0,2021-07-20 06:08:04,13.0
267,0x220226b1d78ecc9b94a63ecd7b09f0d0b81772c2,Mythical,128425_0x220226b1d78ecc9b94a63ecd7b09f0d0b81772c2_1626760080,128425,1,0x80039dc3d5bb48ec4bd822c4e8828574fdcc51a6,13.33,2021-07-20 05:48:00,13.33
268,0xe69c2f976bdf4eb965f4807c03eedf810fe7c97a,Godlike,128428_0xe69c2f976bdf4eb965f4807c03eedf810fe7c97a_1626757612,128428,1,0xcf2da8edcedd9c838f9829e35b2ffc9c9ab2388f,63.999,2021-07-20 05:06:52,63.999
269,0x0c50a8239e28459bad61f3bc88ec6a74dc681ce2,Legendary,128353_0x0c50a8239e28459bad61f3bc88ec6a74dc681ce2_1626756284,128353,1,0x478fa4c971a077038b4fc5c172c3af5552224ccc,3.4,2021-07-20 04:44:44,3.4
270,0xb049df3c39b9726817c23efb6d58b75b83a19389,Drop,128332_0xb049df3c39b9726817c23efb6d58b75b83a19389_1626750859,128332,1,0x2afb58a22e7d3c241ab7b9a1f68b9e8e74ec9d68,13.7,2021-07-20 03:14:19,13.7
271,0x7bb8705a3581f549c039401903251aa010ade9c6,Drop,128403_0x7bb8705a3581f549c039401903251aa010ade9c6_1626748898,128403,6,0x09efa5cc5ec21498fbd64bdd5006df50f5e0fffc,13.1,2021-07-20 02:41:38,78.6
272,0xbd6f5bdc401ab1ca811e40755f4a2ddad75ce2cc,Uncommon,128397_0xbd6f5bdc401ab1ca811e40755f4a2ddad75ce2cc_1626746700,128397,12,0x6c6b7bd85ef4dd5ce57700bf2fe7dc9c21ac04fb,0.31,2021-07-20 02:05:00,3.7199999999999998
273,0xdf14100b76a5b5fd46fba22b7ac124919cffc92a,Godlike,128385_0xdf14100b76a5b5fd46fba22b7ac124919cffc92a_1626745478,128385,1,0xd544885634e782e1436bd0352044cb2fbf84122a,64.9,2021-07-20 01:44:38,64.9
274,0xdf14100b76a5b5fd46fba22b7ac124919cffc92a,Godlike,128349_0xdf14100b76a5b5fd46fba22b7ac124919cffc92a_1626745464,128349,3,0x478fa4c971a077038b4fc5c172c3af5552224ccc,68.0,2021-07-20 01:44:24,204.0
275,0xdf14100b76a5b5fd46fba22b7ac124919cffc92a,Mythical,128379_0xdf14100b76a5b5fd46fba22b7ac124919cffc92a_1626745380,128379,10,0x1c1538ed4bd82d76dc5f240ebafc02b00cbb823d,13.7,2021-07-20 01:43:00,137.0
276,0xdf14100b76a5b5fd46fba22b7ac124919cffc92a,Mythical,128380_0xdf14100b76a5b5fd46fba22b7ac124919cffc92a_1626745354,128380,1,0x44b8f74912b58f1303ad19db10ac6c07cb0639b1,13.6,2021-07-20 01:42:34,13.6
277,0xdf14100b76a5b5fd46fba22b7ac124919cffc92a,Drop,128376_0xdf14100b76a5b5fd46fba22b7ac124919cffc92a_1626745332,128376,4,0x5173b8ea30cbcffa8e049b762f2d1a92c21b02c9,13.12,2021-07-20 01:42:12,52.48
278,0x18376b013ff6f238e9cdd9c1e72e2085197e525d,Godlike,128383_0x18376b013ff6f238e9cdd9c1e72e2085197e525d_1626743598,128383,1,0xbec2a2bef3566474975efa9a9c6455840dc0a2c5,60.0,2021-07-20 01:13:18,60.0
279,0xae74d4af5310170f8b2c0227b0c8ca70c8e2c78f,Drop,128332_0xae74d4af5310170f8b2c0227b0c8ca70c8e2c78f_1626737720,128332,3,0x2afb58a22e7d3c241ab7b9a1f68b9e8e74ec9d68,13.7,2021-07-19 23:35:20,41.099999999999994
280,0xae74d4af5310170f8b2c0227b0c8ca70c8e2c78f,Drop,128351_0xae74d4af5310170f8b2c0227b0c8ca70c8e2c78f_1626737677,128351,3,0xe9086950f6544580f3e173ee35b4b54c95d5e127,13.5,2021-07-19 23:34:37,40.5
281,0xae74d4af5310170f8b2c0227b0c8ca70c8e2c78f,Drop,128344_0xae74d4af5310170f8b2c0227b0c8ca70c8e2c78f_1626737639,128344,6,0x2a8d763a923d546e0a73c954a08be37978e380cc,13.6,2021-07-19 23:33:59,81.6
282,0xae74d4af5310170f8b2c0227b0c8ca70c8e2c78f,Drop,128352_0xae74d4af5310170f8b2c0227b0c8ca70c8e2c78f_1626737595,128352,1,0xb72ed8401892466ea8af528c1af1d0524bc5e105,13.4,2021-07-19 23:33:15,13.4
283,0xae74d4af5310170f8b2c0227b0c8ca70c8e2c78f,Drop,128368_0xae74d4af5310170f8b2c0227b0c8ca70c8e2c78f_1626737571,128368,2,0x5600591dede2cbb4a9ca8bc9857024593b2e31f6,13.2,2021-07-19 23:32:51,26.4
284,0x1a8d886d3a4a2d2aeb817ebb781f0683351538b1,Drop,128341_0x1a8d886d3a4a2d2aeb817ebb781f0683351538b1_1626725023,128341,1,0xd4bde84b405fe2b0916e829e9845647ecaeda47e,12.5,2021-07-19 20:03:43,12.5
285,0x18376b013ff6f238e9cdd9c1e72e2085197e525d,Legendary,128335_0x18376b013ff6f238e9cdd9c1e72e2085197e525d_1626724757,128335,2,0xd4bde84b405fe2b0916e829e9845647ecaeda47e,3.0,2021-07-19 19:59:17,6.0
286,0xae74d4af5310170f8b2c0227b0c8ca70c8e2c78f,Drop,128238_0xae74d4af5310170f8b2c0227b0c8ca70c8e2c78f_1626722701,128238,25,0x7bb8705a3581f549c039401903251aa010ade9c6,13.9,2021-07-19 19:25:01,347.5
287,0xae74d4af5310170f8b2c0227b0c8ca70c8e2c78f,Drop,128327_0xae74d4af5310170f8b2c0227b0c8ca70c8e2c78f_1626722649,128327,3,0xe8bf6a58dadf67921933e361e02e40af0ff38295,13.69,2021-07-19 19:24:09,41.07
288,0xae74d4af5310170f8b2c0227b0c8ca70c8e2c78f,Drop,128324_0xae74d4af5310170f8b2c0227b0c8ca70c8e2c78f_1626722649,128324,5,0x3955f4c5a02bfc4131134fc39129a2bdc035d28d,13.75,2021-07-19 19:24:09,68.75
289,0x2b29518e5ac3eda4cfc138facd6f023bffc5d65a,Godlike,128291_0x2b29518e5ac3eda4cfc138facd6f023bffc5d65a_1626718755,128291,1,0x5524c33467183c56d37d701b6d90c1773049f16e,65.0,2021-07-19 18:19:15,65.0
290,0x2b29518e5ac3eda4cfc138facd6f023bffc5d65a,Godlike,128291_0x2b29518e5ac3eda4cfc138facd6f023bffc5d65a_1626718743,128291,1,0x5524c33467183c56d37d701b6d90c1773049f16e,65.0,2021-07-19 18:19:03,65.0
291,0xcdab759a1d97c166de67f2826b1ef276b04a31c2,Drop,128279_0xcdab759a1d97c166de67f2826b1ef276b04a31c2_1626718551,128279,1,0x110fb9bfbc9db90817790fd3cdfb15a418c8541a,13.7,2021-07-19 18:15:51,13.7
292,0xbd6f5bdc401ab1ca811e40755f4a2ddad75ce2cc,Legendary,128307_0xbd6f5bdc401ab1ca811e40755f4a2ddad75ce2cc_1626718097,128307,5,0x69996febef47beb378514bac1a2dacc88d947698,3.09,2021-07-19 18:08:17,15.45
293,0x20e4445a5b04a2f759101f5d1159ddb096dfb62c,Drop,128238_0x20e4445a5b04a2f759101f5d1159ddb096dfb62c_1626716041,128238,4,0x7bb8705a3581f549c039401903251aa010ade9c6,13.9,2021-07-19 17:34:01,55.6
294,0xbd6f5bdc401ab1ca811e40755f4a2ddad75ce2cc,Legendary,128300_0xbd6f5bdc401ab1ca811e40755f4a2ddad75ce2cc_1626715975,128300,1,0x1a8d886d3a4a2d2aeb817ebb781f0683351538b1,3.1,2021-07-19 17:32:55,3.1
295,0x20e4445a5b04a2f759101f5d1159ddb096dfb62c,Drop,128292_0x20e4445a5b04a2f759101f5d1159ddb096dfb62c_1626715949,128292,1,0x4f5391dc61c201bfba8dad5bcd249e7c79b0c54e,13.6,2021-07-19 17:32:29,13.6
296,0x1a8d886d3a4a2d2aeb817ebb781f0683351538b1,Legendary,128297_0x1a8d886d3a4a2d2aeb817ebb781f0683351538b1_1626715927,128297,1,0x116652732b19f7db6ee3b1d3075e87400ebd981d,3.2,2021-07-19 17:32:07,3.2
297,0x18376b013ff6f238e9cdd9c1e72e2085197e525d,Drop,128293_0x18376b013ff6f238e9cdd9c1e72e2085197e525d_1626714999,128293,6,0x5173b8ea30cbcffa8e049b762f2d1a92c21b02c9,11.2,2021-07-19 17:16:39,67.19999999999999
298,0x18376b013ff6f238e9cdd9c1e72e2085197e525d,Drop,128288_0x18376b013ff6f238e9cdd9c1e72e2085197e525d_1626713395,128288,1,0xaede4bf4ca6b456cc23a18bf01acf66ce678d4db,11.9,2021-07-19 16:49:55,11.9
299,0xbd6f5bdc401ab1ca811e40755f4a2ddad75ce2cc,Rare,128286_0xbd6f5bdc401ab1ca811e40755f4a2ddad75ce2cc_1626713367,128286,3,0xaede4bf4ca6b456cc23a18bf01acf66ce678d4db,0.5,2021-07-19 16:49:27,1.5
300,0x18376b013ff6f238e9cdd9c1e72e2085197e525d,Legendary,128284_0x18376b013ff6f238e9cdd9c1e72e2085197e525d_1626713241,128284,2,0xaede4bf4ca6b456cc23a18bf01acf66ce678d4db,3.0,2021-07-19 16:47:21,6.0
301,0xac7f7595cae709d43099c6b2542ec01f3bf92898,Common,127962_0xac7f7595cae709d43099c6b2542ec01f3bf92898_1626712805,127962,1,0x826088b7174bd1f07becf359025fa751e6ac11cb,0.069,2021-07-19 16:40:05,0.069
302,0x3b3120e283c08daabb5e3f240e008387ef8a67db,Godlike,128261_0x3b3120e283c08daabb5e3f240e008387ef8a67db_1626710743,128261,1,0xb9c6b0dd480ba66737f1a92e0b4bee405423f033,65.0,2021-07-19 16:05:43,65.0
303,0x6648e94a5bdd783bf6649d54fc2891f97c6ca22d,Drop,128266_0x6648e94a5bdd783bf6649d54fc2891f97c6ca22d_1626710719,128266,1,0xa260dbd54c49af2d3fae33e348655ecd43588996,13.6,2021-07-19 16:05:19,13.6
304,0x18376b013ff6f238e9cdd9c1e72e2085197e525d,Drop,128262_0x18376b013ff6f238e9cdd9c1e72e2085197e525d_1626709901,128262,2,0xb9c6b0dd480ba66737f1a92e0b4bee405423f033,12.0,2021-07-19 15:51:41,24.0
305,0x72db34299d4bb489993a49822708ce692cca3eb2,Drop,128249_0x72db34299d4bb489993a49822708ce692cca3eb2_1626707927,128249,10,0xbb17ca69ac8fa46c9c2bdb2f984aa7e4cd48dc20,13.5,2021-07-19 15:18:47,135.0
306,0x72db34299d4bb489993a49822708ce692cca3eb2,Legendary,127536_0x72db34299d4bb489993a49822708ce692cca3eb2_1626707739,127536,12,0x966b106132ad96b1ffe45736d81693a8c58b6a90,3.39,2021-07-19 15:15:39,40.68
307,0x72db34299d4bb489993a49822708ce692cca3eb2,Legendary,128201_0x72db34299d4bb489993a49822708ce692cca3eb2_1626707591,128201,3,0x07b396236f61f2551f4e906fed11c5df3bf54b38,3.33,2021-07-19 15:13:11,9.99
308,0x72db34299d4bb489993a49822708ce692cca3eb2,Legendary,128031_0x72db34299d4bb489993a49822708ce692cca3eb2_1626707559,128031,3,0x2c6b5036f61047e0ab0e858f45767f14ad24f07a,3.33,2021-07-19 15:12:39,9.99
309,0xd9d54f0f67fde251ab41ffb36579f308b592d905,Drop,128238_0xd9d54f0f67fde251ab41ffb36579f308b592d905_1626706919,128238,75,0x7bb8705a3581f549c039401903251aa010ade9c6,13.9,2021-07-19 15:01:59,1042.5
310,0xe88632728ed377f556cb964e6f670f6017d497e4,Legendary,128204_0xe88632728ed377f556cb964e6f670f6017d497e4_1626706557,128204,1,0xbad858a0cf09f210fcf35cbf83569178879b47f2,3.3,2021-07-19 14:55:57,3.3
311,0x7bb8705a3581f549c039401903251aa010ade9c6,Drop,128218_0x7bb8705a3581f549c039401903251aa010ade9c6_1626706491,128218,1,0x26f984b6d48964ea4a8004cae27d0466279ca30e,13.75,2021-07-19 14:54:51,13.75
312,0x7bb8705a3581f549c039401903251aa010ade9c6,Legendary,128080_0x7bb8705a3581f549c039401903251aa010ade9c6_1626705671,128080,476,0xf6cc3af141ab635d8068f60b6b9e5356cd489bda,3.3,2021-07-19 14:41:11,1570.8
313,0x7e4724c60718a9f87ce51bcf8812bf90d0b7b9db,Godlike,127855_0x7e4724c60718a9f87ce51bcf8812bf90d0b7b9db_1626703181,127855,10,0xfbf35487df12a09dc121f177328cf432abbeccf5,70.0,2021-07-19 13:59:41,700.0
314,0xfeb7da1823d9375e285ebc9d4083250bd3847c36,Drop,128194_0xfeb7da1823d9375e285ebc9d4083250bd3847c36_1626702829,128194,1,0xb72ed8401892466ea8af528c1af1d0524bc5e105,13.75,2021-07-19 13:53:49,13.75
315,0x7e4724c60718a9f87ce51bcf8812bf90d0b7b9db,Drop,127943_0x7e4724c60718a9f87ce51bcf8812bf90d0b7b9db_1626702785,127943,30,0x7ed409f3016b5b4d9adb0ecd41e1206a84833eac,14.0,2021-07-19 13:53:05,420.0
316,0x7e4724c60718a9f87ce51bcf8812bf90d0b7b9db,Mythical,128199_0x7e4724c60718a9f87ce51bcf8812bf90d0b7b9db_1626702673,128199,25,0x81bce32046334de332632741036dd178c0fa642a,14.0,2021-07-19 13:51:13,350.0
317,0x7e4724c60718a9f87ce51bcf8812bf90d0b7b9db,Drop,128195_0x7e4724c60718a9f87ce51bcf8812bf90d0b7b9db_1626702641,128195,27,0xfa414ebae57eeb81f74ccd5015ab2548570e13b0,14.0,2021-07-19 13:50:41,378.0
318,0x7e4724c60718a9f87ce51bcf8812bf90d0b7b9db,Mythical,128057_0x7e4724c60718a9f87ce51bcf8812bf90d0b7b9db_1626702625,128057,6,0xcc84cc9462e4f1f45597c584123ee31cd7e5864b,13.9,2021-07-19 13:50:25,83.4
319,0x7e4724c60718a9f87ce51bcf8812bf90d0b7b9db,Drop,128200_0x7e4724c60718a9f87ce51bcf8812bf90d0b7b9db_1626702601,128200,9,0x07b396236f61f2551f4e906fed11c5df3bf54b38,13.7,2021-07-19 13:50:01,123.3
320,0x7e4724c60718a9f87ce51bcf8812bf90d0b7b9db,Drop,128207_0x7e4724c60718a9f87ce51bcf8812bf90d0b7b9db_1626702569,128207,37,0x7bb8705a3581f549c039401903251aa010ade9c6,13.7,2021-07-19 13:49:29,506.9
321,0x7e4724c60718a9f87ce51bcf8812bf90d0b7b9db,Mythical,128052_0x7e4724c60718a9f87ce51bcf8812bf90d0b7b9db_1626702473,128052,12,0x830437c8d234c61ae6bffbc11f2b885e6e934554,13.9,2021-07-19 13:47:53,166.8
322,0xe69c2f976bdf4eb965f4807c03eedf810fe7c97a,Drop,128203_0xe69c2f976bdf4eb965f4807c03eedf810fe7c97a_1626702441,128203,1,0xbad858a0cf09f210fcf35cbf83569178879b47f2,13.0,2021-07-19 13:47:21,13.0
323,0xe69c2f976bdf4eb965f4807c03eedf810fe7c97a,Drop,128203_0xe69c2f976bdf4eb965f4807c03eedf810fe7c97a_1626702207,128203,2,0xbad858a0cf09f210fcf35cbf83569178879b47f2,13.0,2021-07-19 13:43:27,26.0
324,0xfeb7da1823d9375e285ebc9d4083250bd3847c36,Drop,128189_0xfeb7da1823d9375e285ebc9d4083250bd3847c36_1626699980,128189,3,0x7bb8705a3581f549c039401903251aa010ade9c6,13.8,2021-07-19 13:06:20,41.400000000000006
325,0xfeb7da1823d9375e285ebc9d4083250bd3847c36,Drop,127976_0xfeb7da1823d9375e285ebc9d4083250bd3847c36_1626699912,127976,1,0xcbcdca647cfda9283992193604f8718a910b42fc,13.8,2021-07-19 13:05:12,13.8
326,0xfeb7da1823d9375e285ebc9d4083250bd3847c36,Drop,128119_0xfeb7da1823d9375e285ebc9d4083250bd3847c36_1626699876,128119,6,0x6ef20709d6a9c005f47233363051a182aea0c6f9,13.4,2021-07-19 13:04:36,80.4
327,0xfeb7da1823d9375e285ebc9d4083250bd3847c36,Drop,128151_0xfeb7da1823d9375e285ebc9d4083250bd3847c36_1626699830,128151,1,0x9a9ca7db52932443b94edf003dfb4dfa569947ef,13.25,2021-07-19 13:03:50,13.25
328,0xd9d54f0f67fde251ab41ffb36579f308b592d905,Drop,128152_0xd9d54f0f67fde251ab41ffb36579f308b592d905_1626698846,128152,60,0x7bb8705a3581f549c039401903251aa010ade9c6,13.8888,2021-07-19 12:47:26,833.328
329,0xd9d54f0f67fde251ab41ffb36579f308b592d905,Drop,128125_0xd9d54f0f67fde251ab41ffb36579f308b592d905_1626698738,128125,30,0x2afb58a22e7d3c241ab7b9a1f68b9e8e74ec9d68,13.3,2021-07-19 12:45:38,399.0
330,0xa3ae371ce95e2febe99db246652d947b91af48c3,Mythical,128150_0xa3ae371ce95e2febe99db246652d947b91af48c3_1626696182,128150,16,0x7bb8705a3581f549c039401903251aa010ade9c6,13.5,2021-07-19 12:03:02,216.0
331,0x220226b1d78ecc9b94a63ecd7b09f0d0b81772c2,Mythical,128126_0x220226b1d78ecc9b94a63ecd7b09f0d0b81772c2_1626694083,128126,1,0x80039dc3d5bb48ec4bd822c4e8828574fdcc51a6,13.45,2021-07-19 11:28:03,13.45
332,0x1426fbd146942e153653863cbe633780c17268da,Uncommon,128058_0x1426fbd146942e153653863cbe633780c17268da_1626691219,128058,1,0xcc84cc9462e4f1f45597c584123ee31cd7e5864b,0.36,2021-07-19 10:40:19,0.36
333,0xe29555e804e414e295e2a059fc49d002ec18f268,Rare,127364_0xe29555e804e414e295e2a059fc49d002ec18f268_1626690777,127364,10,0x8ea3e7baef206dcafc31678a559bbd0f2ee4570b,0.68,2021-07-19 10:32:57,6.800000000000001
334,0xe29555e804e414e295e2a059fc49d002ec18f268,Uncommon,128060_0xe29555e804e414e295e2a059fc49d002ec18f268_1626690739,128060,100,0x830437c8d234c61ae6bffbc11f2b885e6e934554,0.36,2021-07-19 10:32:19,36.0
335,0xe29555e804e414e295e2a059fc49d002ec18f268,Godlike,128093_0xe29555e804e414e295e2a059fc49d002ec18f268_1626690647,128093,1,0x7bb8705a3581f549c039401903251aa010ade9c6,69.5,2021-07-19 10:30:47,69.5
336,0xe29555e804e414e295e2a059fc49d002ec18f268,Mythical,128110_0xe29555e804e414e295e2a059fc49d002ec18f268_1626690631,128110,1,0x44b8f74912b58f1303ad19db10ac6c07cb0639b1,13.6,2021-07-19 10:30:31,13.6
337,0xe29555e804e414e295e2a059fc49d002ec18f268,Drop,128108_0xe29555e804e414e295e2a059fc49d002ec18f268_1626690609,128108,8,0x830437c8d234c61ae6bffbc11f2b885e6e934554,13.9,2021-07-19 10:30:09,111.2
338,0x3b3120e283c08daabb5e3f240e008387ef8a67db,Legendary,128080_0x3b3120e283c08daabb5e3f240e008387ef8a67db_1626689304,128080,24,0xf6cc3af141ab635d8068f60b6b9e5356cd489bda,3.3,2021-07-19 10:08:24,79.19999999999999
339,0x32057597286efed4d8833de4d7b57907e1cd4012,Drop,128104_0x32057597286efed4d8833de4d7b57907e1cd4012_1626688016,128104,20,0xa1586347c540c1b5cd83113872eeb7815a57dfe6,13.5,2021-07-19 09:46:56,270.0
340,0x32057597286efed4d8833de4d7b57907e1cd4012,Drop,128096_0x32057597286efed4d8833de4d7b57907e1cd4012_1626687896,128096,5,0x94f3c9becd33d7d8da7f11b523ba220dd50b0c6e,13.5,2021-07-19 09:44:56,67.5
341,0x32057597286efed4d8833de4d7b57907e1cd4012,Drop,128062_0x32057597286efed4d8833de4d7b57907e1cd4012_1626687866,128062,1,0x16a1708187cf1717744aa1e8bdb47a93ce1d2e69,13.5,2021-07-19 09:44:26,13.5
342,0x32057597286efed4d8833de4d7b57907e1cd4012,Drop,128008_0x32057597286efed4d8833de4d7b57907e1cd4012_1626687836,128008,2,0xa7f1c77998bae58614be010ad2a806639e280056,13.5,2021-07-19 09:43:56,27.0
343,0x32057597286efed4d8833de4d7b57907e1cd4012,Drop,128020_0x32057597286efed4d8833de4d7b57907e1cd4012_1626687702,128020,1,0xe4464675b21c1e9f80b839a2bc4ed7a3c586f86e,13.49,2021-07-19 09:41:42,13.49
344,0x137c0f7d6b2558edf5b8f69eec0635dd43fad6af,Godlike,127886_0x137c0f7d6b2558edf5b8f69eec0635dd43fad6af_1626686144,127886,2,0x5acabc3222a7b74884bec8efe28a7a69a7920818,69.0,2021-07-19 09:15:44,138.0
345,0x0bcdc503f78bff5dc7b867c6740226d9621117b1,Drop,128020_0x0bcdc503f78bff5dc7b867c6740226d9621117b1_1626685054,128020,10,0xe4464675b21c1e9f80b839a2bc4ed7a3c586f86e,13.49,2021-07-19 08:57:34,134.9
346,0x0bcdc503f78bff5dc7b867c6740226d9621117b1,Mythical,128081_0x0bcdc503f78bff5dc7b867c6740226d9621117b1_1626684994,128081,20,0xf6cc3af141ab635d8068f60b6b9e5356cd489bda,13.4,2021-07-19 08:56:34,268.0
347,0x0bcdc503f78bff5dc7b867c6740226d9621117b1,Drop,128033_0x0bcdc503f78bff5dc7b867c6740226d9621117b1_1626684942,128033,3,0xad63dde7ca39ea3446fb6d29bb91e0cbf7a9a582,13.3,2021-07-19 08:55:42,39.900000000000006
348,0xa3ae371ce95e2febe99db246652d947b91af48c3,Mythical,128056_0xa3ae371ce95e2febe99db246652d947b91af48c3_1626684506,128056,1,0xc38e60cd600aeb815dd3b5f4c1c545a0d3321444,13.5,2021-07-19 08:48:26,13.5
349,0x2994d42ff4547f5c88f97fe3c11e4c97f85a0283,Uncommon,128058_0x2994d42ff4547f5c88f97fe3c11e4c97f85a0283_1626683932,128058,20,0xcc84cc9462e4f1f45597c584123ee31cd7e5864b,0.36,2021-07-19 08:38:52,7.199999999999999
350,0xe88632728ed377f556cb964e6f670f6017d497e4,Common,128042_0xe88632728ed377f556cb964e6f670f6017d497e4_1626681388,128042,48,0x6d807e6564d90de613e2280a3e943c32a57e18d6,0.063,2021-07-19 07:56:28,3.024
351,0x6a78a2a786b74704c94d0a6245f2233f70d22161,Drop,128041_0x6a78a2a786b74704c94d0a6245f2233f70d22161_1626681132,128041,1,0x6d807e6564d90de613e2280a3e943c32a57e18d6,13.2,2021-07-19 07:52:12,13.2
352,0xe69c2f976bdf4eb965f4807c03eedf810fe7c97a,Drop,128033_0xe69c2f976bdf4eb965f4807c03eedf810fe7c97a_1626679495,128033,1,0xad63dde7ca39ea3446fb6d29bb91e0cbf7a9a582,13.3,2021-07-19 07:24:55,13.3
353,0x7f4b4ae8ff4f35c064fe11457fc92b8d11af612c,Mythical,127744_0x7f4b4ae8ff4f35c064fe11457fc92b8d11af612c_1626675335,127744,1,0xd5cfcc460c50098fac1c9c67c436394f738b0b9f,14.0,2021-07-19 06:15:35,14.0
354,0x7f4b4ae8ff4f35c064fe11457fc92b8d11af612c,Mythical,127865_0x7f4b4ae8ff4f35c064fe11457fc92b8d11af612c_1626675319,127865,1,0x5ae899713d0a696f85b43bd90473b5268f0c1b30,13.9,2021-07-19 06:15:19,13.9
355,0x7f4b4ae8ff4f35c064fe11457fc92b8d11af612c,Mythical,127961_0x7f4b4ae8ff4f35c064fe11457fc92b8d11af612c_1626675291,127961,1,0x67c6d78fb0cc631f933d0aa327952e2bf5e3a643,13.88,2021-07-19 06:14:51,13.88
356,0xbd6f5bdc401ab1ca811e40755f4a2ddad75ce2cc,Rare,127972_0xbd6f5bdc401ab1ca811e40755f4a2ddad75ce2cc_1626673387,127972,9,0x7ed1084d30c3b8ab395f46344f5d7e6eda5c9476,0.6,2021-07-19 05:43:07,5.3999999999999995
357,0x32057597286efed4d8833de4d7b57907e1cd4012,Drop,127968_0x32057597286efed4d8833de4d7b57907e1cd4012_1626672413,127968,11,0x5173b8ea30cbcffa8e049b762f2d1a92c21b02c9,13.12,2021-07-19 05:26:53,144.32
358,0x32057597286efed4d8833de4d7b57907e1cd4012,Drop,127964_0x32057597286efed4d8833de4d7b57907e1cd4012_1626671811,127964,2,0xd035a780deccf7808875c6a555937b7c44299f45,13.0,2021-07-19 05:16:51,26.0
359,0xbd6f5bdc401ab1ca811e40755f4a2ddad75ce2cc,Rare,127954_0xbd6f5bdc401ab1ca811e40755f4a2ddad75ce2cc_1626668829,127954,7,0x7f1f0d3daa63c905b185e0a1f2b79a0fbb603991,0.55,2021-07-19 04:27:09,3.8500000000000005
360,0x32057597286efed4d8833de4d7b57907e1cd4012,Drop,127947_0x32057597286efed4d8833de4d7b57907e1cd4012_1626667755,127947,1,0x6b7f6f99783a256a1c378b7971c23ae24140944b,13.5,2021-07-19 04:09:15,13.5
361,0x32057597286efed4d8833de4d7b57907e1cd4012,Mythical,127946_0x32057597286efed4d8833de4d7b57907e1cd4012_1626667729,127946,1,0x6b7f6f99783a256a1c378b7971c23ae24140944b,13.0,2021-07-19 04:08:49,13.0
362,0x32057597286efed4d8833de4d7b57907e1cd4012,Drop,127880_0x32057597286efed4d8833de4d7b57907e1cd4012_1626666615,127880,1,0x9c3bacade6bbe81a6238110a28628512abf4ec4a,13.6,2021-07-19 03:50:15,13.6
363,0x32057597286efed4d8833de4d7b57907e1cd4012,Mythical,127938_0x32057597286efed4d8833de4d7b57907e1cd4012_1626666429,127938,1,0x44b8f74912b58f1303ad19db10ac6c07cb0639b1,13.0,2021-07-19 03:47:09,13.0
364,0x18376b013ff6f238e9cdd9c1e72e2085197e525d,Godlike,127935_0x18376b013ff6f238e9cdd9c1e72e2085197e525d_1626664805,127935,1,0x44b8f74912b58f1303ad19db10ac6c07cb0639b1,60.0,2021-07-19 03:20:05,60.0
365,0xa3ae371ce95e2febe99db246652d947b91af48c3,Mythical,127887_0xa3ae371ce95e2febe99db246652d947b91af48c3_1626661135,127887,4,0x1670b5cdd17d4caa012a75b830265b69f63e0100,13.0,2021-07-19 02:18:55,52.0
366,0xa3ae371ce95e2febe99db246652d947b91af48c3,Mythical,127887_0xa3ae371ce95e2febe99db246652d947b91af48c3_1626661101,127887,1,0x1670b5cdd17d4caa012a75b830265b69f63e0100,13.0,2021-07-19 02:18:21,13.0
367,0xa3ae371ce95e2febe99db246652d947b91af48c3,Mythical,127887_0xa3ae371ce95e2febe99db246652d947b91af48c3_1626660825,127887,6,0x1670b5cdd17d4caa012a75b830265b69f63e0100,13.0,2021-07-19 02:13:45,78.0
368,0xa3ae371ce95e2febe99db246652d947b91af48c3,Mythical,127887_0xa3ae371ce95e2febe99db246652d947b91af48c3_1626660789,127887,1,0x1670b5cdd17d4caa012a75b830265b69f63e0100,13.0,2021-07-19 02:13:09,13.0
369,0x47d150a76ed636fb42f6a974b60a5d85ccbdd9f0,Common,127864_0x47d150a76ed636fb42f6a974b60a5d85ccbdd9f0_1626658923,127864,1,0xf7615d2d078b1f633c707a66cabb9635c44f4cc4,0.72,2021-07-19 01:42:03,0.72
370,0xaa99157856d8785c3a0bab85f070766554a1d882,Uncommon,126321_0xaa99157856d8785c3a0bab85f070766554a1d882_1626657646,126321,23,0xcbc73c8c9b7bad765515519260b81fd61daf46af,0.36,2021-07-19 01:20:46,8.28
371,0xaa99157856d8785c3a0bab85f070766554a1d882,Common,127856_0xaa99157856d8785c3a0bab85f070766554a1d882_1626657058,127856,21,0x7742d70cb3ae62e4d7958c5eaf6c0a45cdc9ca9e,0.064,2021-07-19 01:10:58,1.344
372,0x2994d42ff4547f5c88f97fe3c11e4c97f85a0283,Common,127240_0x2994d42ff4547f5c88f97fe3c11e4c97f85a0283_1626645618,127240,40,0xbace1e5f9cb38f56fa8b096e3fe940d9c34d189d,0.073,2021-07-18 22:00:18,2.92
373,0x2994d42ff4547f5c88f97fe3c11e4c97f85a0283,Drop,127768_0x2994d42ff4547f5c88f97fe3c11e4c97f85a0283_1626644404,127768,1,0xb675b284d6f7d59f5b03b9b4da43d89b0d8a277d,13.9,2021-07-18 21:40:04,13.9
374,0x32057597286efed4d8833de4d7b57907e1cd4012,Mythical,127796_0x32057597286efed4d8833de4d7b57907e1cd4012_1626642493,127796,1,0x80039dc3d5bb48ec4bd822c4e8828574fdcc51a6,13.69,2021-07-18 21:08:13,13.69
375,0x32057597286efed4d8833de4d7b57907e1cd4012,Drop,127769_0x32057597286efed4d8833de4d7b57907e1cd4012_1626638813,127769,1,0xb72ed8401892466ea8af528c1af1d0524bc5e105,13.6,2021-07-18 20:06:53,13.6
376,0xfeb7da1823d9375e285ebc9d4083250bd3847c36,Drop,127754_0xfeb7da1823d9375e285ebc9d4083250bd3847c36_1626636689,127754,4,0xd1ccab6b1f4606d80106b52a4415985ab78cbb93,14.0,2021-07-18 19:31:29,56.0
377,0xfeb7da1823d9375e285ebc9d4083250bd3847c36,Drop,127686_0xfeb7da1823d9375e285ebc9d4083250bd3847c36_1626636669,127686,5,0x329c54289ff5d6b7b7dae13592c6b1eda1543ed4,14.0,2021-07-18 19:31:09,70.0
378,0xd9d54f0f67fde251ab41ffb36579f308b592d905,Drop,127538_0xd9d54f0f67fde251ab41ffb36579f308b592d905_1626636523,127538,17,0x966b106132ad96b1ffe45736d81693a8c58b6a90,14.39,2021-07-18 19:28:43,244.63
379,0xd9d54f0f67fde251ab41ffb36579f308b592d905,Drop,127544_0xd9d54f0f67fde251ab41ffb36579f308b592d905_1626636485,127544,28,0x81bce32046334de332632741036dd178c0fa642a,14.3,2021-07-18 19:28:05,400.40000000000003
380,0x6e28bae826e39d8002942edd80e5fa8dfa115d4a,Drop,127735_0x6e28bae826e39d8002942edd80e5fa8dfa115d4a_1626636077,127735,1,0xcbcdca647cfda9283992193604f8718a910b42fc,13.9,2021-07-18 19:21:17,13.9
381,0xe88632728ed377f556cb964e6f670f6017d497e4,Legendary,127536_0xe88632728ed377f556cb964e6f670f6017d497e4_1626634321,127536,6,0x966b106132ad96b1ffe45736d81693a8c58b6a90,3.39,2021-07-18 18:52:01,20.34
382,0xbd6f5bdc401ab1ca811e40755f4a2ddad75ce2cc,Common,127724_0xbd6f5bdc401ab1ca811e40755f4a2ddad75ce2cc_1626633401,127724,21,0xa0c2eed79a314af39960ec3e908e901f07f46f16,0.055,2021-07-18 18:36:41,1.155
383,0x18376b013ff6f238e9cdd9c1e72e2085197e525d,Godlike,127707_0x18376b013ff6f238e9cdd9c1e72e2085197e525d_1626631905,127707,1,0xbec2a2bef3566474975efa9a9c6455840dc0a2c5,60.0,2021-07-18 18:11:45,60.0
384,0x00decfeec5d6d9d77275cfdc1e447cf284ae13e2,Drop,127686_0x00decfeec5d6d9d77275cfdc1e447cf284ae13e2_1626631685,127686,1,0x329c54289ff5d6b7b7dae13592c6b1eda1543ed4,14.0,2021-07-18 18:08:05,14.0
385,0x00decfeec5d6d9d77275cfdc1e447cf284ae13e2,Drop,127686_0x00decfeec5d6d9d77275cfdc1e447cf284ae13e2_1626631653,127686,5,0x329c54289ff5d6b7b7dae13592c6b1eda1543ed4,14.0,2021-07-18 18:07:33,70.0
386,0xe69c2f976bdf4eb965f4807c03eedf810fe7c97a,Legendary,127536_0xe69c2f976bdf4eb965f4807c03eedf810fe7c97a_1626630229,127536,2,0x966b106132ad96b1ffe45736d81693a8c58b6a90,3.39,2021-07-18 17:43:49,6.78
387,0x00decfeec5d6d9d77275cfdc1e447cf284ae13e2,Drop,127639_0x00decfeec5d6d9d77275cfdc1e447cf284ae13e2_1626629997,127639,1,0xf381896eb9280dcb2099523149d42f7b1ed43e9a,14.0,2021-07-18 17:39:57,14.0
388,0xbd6f5bdc401ab1ca811e40755f4a2ddad75ce2cc,Rare,127647_0xbd6f5bdc401ab1ca811e40755f4a2ddad75ce2cc_1626628115,127647,14,0xaede4bf4ca6b456cc23a18bf01acf66ce678d4db,0.49,2021-07-18 17:08:35,6.859999999999999
389,0x137c0f7d6b2558edf5b8f69eec0635dd43fad6af,Godlike,127103_0x137c0f7d6b2558edf5b8f69eec0635dd43fad6af_1626627821,127103,1,0x72dbe9d3137f3d232d4879d31de68a45f795dfde,71.0,2021-07-18 17:03:41,71.0
390,0xe29555e804e414e295e2a059fc49d002ec18f268,Common,127240_0xe29555e804e414e295e2a059fc49d002ec18f268_1626625065,127240,55,0xbace1e5f9cb38f56fa8b096e3fe940d9c34d189d,0.073,2021-07-18 16:17:45,4.015
391,0xe29555e804e414e295e2a059fc49d002ec18f268,Common,127027_0xe29555e804e414e295e2a059fc49d002ec18f268_1626625037,127027,45,0xdd2e04c90be8eec920343528e07344250f7a33c7,0.073,2021-07-18 16:17:17,3.2849999999999997
392,0xe29555e804e414e295e2a059fc49d002ec18f268,Drop,127538_0xe29555e804e414e295e2a059fc49d002ec18f268_1626625005,127538,3,0x966b106132ad96b1ffe45736d81693a8c58b6a90,14.39,2021-07-18 16:16:45,43.17
393,0xfd119bb66648177cfe7840bf44dc05c667a1aca4,Mythical,127333_0xfd119bb66648177cfe7840bf44dc05c667a1aca4_1626621781,127333,1,0x54c3a6d1db1c37264411f7944f354ea582db6d80,14.0,2021-07-18 15:23:01,14.0
394,0x0bcdc503f78bff5dc7b867c6740226d9621117b1,Drop,127495_0x0bcdc503f78bff5dc7b867c6740226d9621117b1_1626620005,127495,20,0xeeef2aa134abefc7406c50ccf9cf562740c6ce15,14.5,2021-07-18 14:53:25,290.0
395,0x0bcdc503f78bff5dc7b867c6740226d9621117b1,Drop,127305_0x0bcdc503f78bff5dc7b867c6740226d9621117b1_1626619971,127305,1,0x80039dc3d5bb48ec4bd822c4e8828574fdcc51a6,14.39,2021-07-18 14:52:51,14.39
396,0x0bcdc503f78bff5dc7b867c6740226d9621117b1,Drop,127368_0x0bcdc503f78bff5dc7b867c6740226d9621117b1_1626619935,127368,5,0x8689ff71fc01e7fdd8ddb65a7b51c13ccf337eb5,14.5,2021-07-18 14:52:15,72.5
397,0x0bcdc503f78bff5dc7b867c6740226d9621117b1,Drop,127330_0x0bcdc503f78bff5dc7b867c6740226d9621117b1_1626619895,127330,1,0xcbcdca647cfda9283992193604f8718a910b42fc,14.0,2021-07-18 14:51:35,14.0
398,0x32057597286efed4d8833de4d7b57907e1cd4012,Drop,127433_0x32057597286efed4d8833de4d7b57907e1cd4012_1626619675,127433,43,0x5173b8ea30cbcffa8e049b762f2d1a92c21b02c9,13.2,2021-07-18 14:47:55,567.6
399,0xbd6f5bdc401ab1ca811e40755f4a2ddad75ce2cc,Rare,127481_0xbd6f5bdc401ab1ca811e40755f4a2ddad75ce2cc_1626619483,127481,20,0x294be339958ca360b5c7f57e1013bfb12a1d696d,0.55,2021-07-18 14:44:43,11.0
400,0x7bb8705a3581f549c039401903251aa010ade9c6,Godlike,127360_0x7bb8705a3581f549c039401903251aa010ade9c6_1626619035,127360,5,0x5acabc3222a7b74884bec8efe28a7a69a7920818,68.0,2021-07-18 14:37:15,340.0
401,0xe69c2f976bdf4eb965f4807c03eedf810fe7c97a,Drop,127433_0xe69c2f976bdf4eb965f4807c03eedf810fe7c97a_1626618763,127433,1,0x5173b8ea30cbcffa8e049b762f2d1a92c21b02c9,13.2,2021-07-18 14:32:43,13.2
402,0xe69c2f976bdf4eb965f4807c03eedf810fe7c97a,Drop,127433_0xe69c2f976bdf4eb965f4807c03eedf810fe7c97a_1626618643,127433,2,0x5173b8ea30cbcffa8e049b762f2d1a92c21b02c9,13.2,2021-07-18 14:30:43,26.4
403,0xe69c2f976bdf4eb965f4807c03eedf810fe7c97a,Drop,127433_0xe69c2f976bdf4eb965f4807c03eedf810fe7c97a_1626618601,127433,1,0x5173b8ea30cbcffa8e049b762f2d1a92c21b02c9,13.2,2021-07-18 14:30:01,13.2
404,0x244fe02fbcf4db4ad96063b161f00e444fc54011,Drop,127362_0x244fe02fbcf4db4ad96063b161f00e444fc54011_1626615121,127362,5,0xe8bf6a58dadf67921933e361e02e40af0ff38295,13.79,2021-07-18 13:32:01,68.94999999999999
405,0x244fe02fbcf4db4ad96063b161f00e444fc54011,Drop,127358_0x244fe02fbcf4db4ad96063b161f00e444fc54011_1626615107,127358,3,0x329c54289ff5d6b7b7dae13592c6b1eda1543ed4,14.0,2021-07-18 13:31:47,42.0
406,0x244fe02fbcf4db4ad96063b161f00e444fc54011,Drop,127359_0x244fe02fbcf4db4ad96063b161f00e444fc54011_1626615097,127359,1,0x6fce63859a859a0f30ed09b12f5010d790618ca4,13.8,2021-07-18 13:31:37,13.8
407,0x244fe02fbcf4db4ad96063b161f00e444fc54011,Drop,127363_0x244fe02fbcf4db4ad96063b161f00e444fc54011_1626615087,127363,2,0x35001a8bdb3a224d05f086094c12fd4c9009986d,13.75,2021-07-18 13:31:27,27.5
408,0x244fe02fbcf4db4ad96063b161f00e444fc54011,Drop,127366_0x244fe02fbcf4db4ad96063b161f00e444fc54011_1626615079,127366,1,0xed4b17e5a48cbbc8684a0873c02475e54f3ee915,13.7,2021-07-18 13:31:19,13.7
409,0xe69c2f976bdf4eb965f4807c03eedf810fe7c97a,Legendary,127311_0xe69c2f976bdf4eb965f4807c03eedf810fe7c97a_1626604826,127311,1,0x116652732b19f7db6ee3b1d3075e87400ebd981d,3.4,2021-07-18 10:40:26,3.4
410,0xe69c2f976bdf4eb965f4807c03eedf810fe7c97a,Legendary,127345_0xe69c2f976bdf4eb965f4807c03eedf810fe7c97a_1626604780,127345,1,0x931eb9d2e9b0e496aac1dcdf778399ad762e3739,3.39,2021-07-18 10:39:40,3.39
411,0x32057597286efed4d8833de4d7b57907e1cd4012,Mythical,127339_0x32057597286efed4d8833de4d7b57907e1cd4012_1626604688,127339,2,0x9bb1d0cfe96e22830079dad7d589bb011769ee51,13.5,2021-07-18 10:38:08,27.0
412,0x32057597286efed4d8833de4d7b57907e1cd4012,Drop,127344_0x32057597286efed4d8833de4d7b57907e1cd4012_1626604562,127344,10,0x1a760e3a431c8b9c075ed1280c8835a1a0f1651b,13.4,2021-07-18 10:36:02,134.0
413,0x32057597286efed4d8833de4d7b57907e1cd4012,Drop,127343_0x32057597286efed4d8833de4d7b57907e1cd4012_1626604464,127343,1,0x9c3bacade6bbe81a6238110a28628512abf4ec4a,13.6,2021-07-18 10:34:24,13.6
414,0xbd6f5bdc401ab1ca811e40755f4a2ddad75ce2cc,Rare,127346_0xbd6f5bdc401ab1ca811e40755f4a2ddad75ce2cc_1626603662,127346,15,0x577a1020e01189fc1de59a99f7393d135a429966,0.55,2021-07-18 10:21:02,8.25
415,0x7bb8705a3581f549c039401903251aa010ade9c6,Mythical,127339_0x7bb8705a3581f549c039401903251aa010ade9c6_1626602278,127339,4,0x9bb1d0cfe96e22830079dad7d589bb011769ee51,13.5,2021-07-18 09:57:58,54.0
416,0x7bb8705a3581f549c039401903251aa010ade9c6,Drop,127340_0x7bb8705a3581f549c039401903251aa010ade9c6_1626602188,127340,10,0x329c54289ff5d6b7b7dae13592c6b1eda1543ed4,13.95,2021-07-18 09:56:28,139.5
417,0xd9d54f0f67fde251ab41ffb36579f308b592d905,Drop,127221_0xd9d54f0f67fde251ab41ffb36579f308b592d905_1626594858,127221,9,0xcc84cc9462e4f1f45597c584123ee31cd7e5864b,14.9,2021-07-18 07:54:18,134.1
418,0x94f3c9becd33d7d8da7f11b523ba220dd50b0c6e,Drop,127309_0x94f3c9becd33d7d8da7f11b523ba220dd50b0c6e_1626594108,127309,2,0xaede4bf4ca6b456cc23a18bf01acf66ce678d4db,13.5,2021-07-18 07:41:48,27.0
419,0xbd6f5bdc401ab1ca811e40755f4a2ddad75ce2cc,Rare,127307_0xbd6f5bdc401ab1ca811e40755f4a2ddad75ce2cc_1626593916,127307,4,0xaede4bf4ca6b456cc23a18bf01acf66ce678d4db,0.55,2021-07-18 07:38:36,2.2
420,0x0bcdc503f78bff5dc7b867c6740226d9621117b1,Drop,127223_0x0bcdc503f78bff5dc7b867c6740226d9621117b1_1626593644,127223,2,0xe4bcc055e55baf94d03379e9b231012b5e213fa9,14.7,2021-07-18 07:34:04,29.4
421,0x0bcdc503f78bff5dc7b867c6740226d9621117b1,Drop,127246_0x0bcdc503f78bff5dc7b867c6740226d9621117b1_1626593600,127246,2,0x49848c2eaba520dc3fe7f214f11a233b6d605ef4,14.69,2021-07-18 07:33:20,29.38
422,0x0bcdc503f78bff5dc7b867c6740226d9621117b1,Drop,127284_0x0bcdc503f78bff5dc7b867c6740226d9621117b1_1626593548,127284,12,0x262944448ec574dd5f82136964bbf189cc1ab579,14.5,2021-07-18 07:32:28,174.0
423,0x0bcdc503f78bff5dc7b867c6740226d9621117b1,Mythical,127287_0x0bcdc503f78bff5dc7b867c6740226d9621117b1_1626593504,127287,1,0xf96ddaa24d9f01d30443d5e95dbee0e79afc59d3,14.0,2021-07-18 07:31:44,14.0
424,0x6e28bae826e39d8002942edd80e5fa8dfa115d4a,Drop,127284_0x6e28bae826e39d8002942edd80e5fa8dfa115d4a_1626593366,127284,6,0x262944448ec574dd5f82136964bbf189cc1ab579,14.5,2021-07-18 07:29:26,87.0
425,0xbd6f5bdc401ab1ca811e40755f4a2ddad75ce2cc,Rare,127289_0xbd6f5bdc401ab1ca811e40755f4a2ddad75ce2cc_1626592112,127289,4,0xc3d6904253be1fca1486bbbb7804465c0ddcff9e,0.6,2021-07-18 07:08:32,2.4
426,0xe88632728ed377f556cb964e6f670f6017d497e4,Legendary,127286_0xe88632728ed377f556cb964e6f670f6017d497e4_1626592112,127286,1,0x116652732b19f7db6ee3b1d3075e87400ebd981d,3.4,2021-07-18 07:08:32,3.4
427,0x00decfeec5d6d9d77275cfdc1e447cf284ae13e2,Drop,127250_0x00decfeec5d6d9d77275cfdc1e447cf284ae13e2_1626589090,127250,1,0x5600591dede2cbb4a9ca8bc9857024593b2e31f6,14.5,2021-07-18 06:18:10,14.5
428,0x00decfeec5d6d9d77275cfdc1e447cf284ae13e2,Drop,127254_0x00decfeec5d6d9d77275cfdc1e447cf284ae13e2_1626588848,127254,2,0x705415b435751ecc1793a1071f8ac9c2d8bfee87,14.45,2021-07-18 06:14:08,28.9
429,0x00decfeec5d6d9d77275cfdc1e447cf284ae13e2,Drop,127255_0x00decfeec5d6d9d77275cfdc1e447cf284ae13e2_1626588754,127255,1,0x9a9ca7db52932443b94edf003dfb4dfa569947ef,14.41,2021-07-18 06:12:34,14.41
430,0x00decfeec5d6d9d77275cfdc1e447cf284ae13e2,Drop,127265_0x00decfeec5d6d9d77275cfdc1e447cf284ae13e2_1626588712,127265,1,0x2b26f40e4fd7c28d3938be40acb51792d84385ec,14.4,2021-07-18 06:11:52,14.4
431,0x94f3c9becd33d7d8da7f11b523ba220dd50b0c6e,Drop,127276_0x94f3c9becd33d7d8da7f11b523ba220dd50b0c6e_1626588584,127276,1,0xd31bac2ee675cf904a68da14ba80efb9b405a4f5,13.9,2021-07-18 06:09:44,13.9
432,0x94f3c9becd33d7d8da7f11b523ba220dd50b0c6e,Drop,127274_0x94f3c9becd33d7d8da7f11b523ba220dd50b0c6e_1626588207,127274,3,0xc6498c330167f0e3bccc0f80e5933dead87e8688,13.9,2021-07-18 06:03:27,41.7
433,0x446d62cd72abed64c21c8cc2ec05a102332073ce,Legendary,126932_0x446d62cd72abed64c21c8cc2ec05a102332073ce_1626585835,126932,13,0xed89ea70a367e41bb4ff1a0a185bf0c07dec69de,3.5,2021-07-18 05:23:55,45.5
434,0x446d62cd72abed64c21c8cc2ec05a102332073ce,Legendary,127175_0x446d62cd72abed64c21c8cc2ec05a102332073ce_1626585787,127175,29,0x966b106132ad96b1ffe45736d81693a8c58b6a90,3.49,2021-07-18 05:23:07,101.21000000000001
435,0x446d62cd72abed64c21c8cc2ec05a102332073ce,Legendary,127262_0x446d62cd72abed64c21c8cc2ec05a102332073ce_1626585731,127262,1,0xb72ed8401892466ea8af528c1af1d0524bc5e105,3.4,2021-07-18 05:22:11,3.4
436,0x72db34299d4bb489993a49822708ce692cca3eb2,Drop,127264_0x72db34299d4bb489993a49822708ce692cca3eb2_1626585271,127264,7,0xfd9e173edb21bef255d774c7b51314f92e9f31f9,13.9,2021-07-18 05:14:31,97.3
437,0xbd6f5bdc401ab1ca811e40755f4a2ddad75ce2cc,Uncommon,127247_0xbd6f5bdc401ab1ca811e40755f4a2ddad75ce2cc_1626571499,127247,50,0x6c6b7bd85ef4dd5ce57700bf2fe7dc9c21ac04fb,0.29,2021-07-18 01:24:59,14.499999999999998
438,0x49848c2eaba520dc3fe7f214f11a233b6d605ef4,Legendary,127241_0x49848c2eaba520dc3fe7f214f11a233b6d605ef4_1626570957,127241,1,0xb72ed8401892466ea8af528c1af1d0524bc5e105,3.4,2021-07-18 01:15:57,3.4
439,0x49848c2eaba520dc3fe7f214f11a233b6d605ef4,Mythical,127243_0x49848c2eaba520dc3fe7f214f11a233b6d605ef4_1626570939,127243,1,0xd4f45e3688aa30338559daa96dfbf7dd1b08ad13,13.9,2021-07-18 01:15:39,13.9
440,0x49848c2eaba520dc3fe7f214f11a233b6d605ef4,Legendary,127215_0x49848c2eaba520dc3fe7f214f11a233b6d605ef4_1626568619,127215,1,0xb72ed8401892466ea8af528c1af1d0524bc5e105,3.4,2021-07-18 00:36:59,3.4
441,0x49848c2eaba520dc3fe7f214f11a233b6d605ef4,Common,127130_0x49848c2eaba520dc3fe7f214f11a233b6d605ef4_1626568619,127130,159,0x5aec3d8d78b59c99dbb5950015825aa633bcbd23,0.069,2021-07-18 00:36:59,10.971
442,0xdbfab92531311f5274d1252197f33c59c362d45d,Legendary,127175_0xdbfab92531311f5274d1252197f33c59c362d45d_1626556430,127175,21,0x966b106132ad96b1ffe45736d81693a8c58b6a90,3.49,2021-07-17 21:13:50,73.29
443,0xdbfab92531311f5274d1252197f33c59c362d45d,Mythical,127045_0xdbfab92531311f5274d1252197f33c59c362d45d_1626556340,127045,5,0x25d073a9f2cd3fbfe1a5fec8edfee1e80e9613cb,14.0,2021-07-17 21:12:20,70.0
444,0xdbfab92531311f5274d1252197f33c59c362d45d,Mythical,126983_0xdbfab92531311f5274d1252197f33c59c362d45d_1626556334,126983,1,0xdd073675d890cfe60fbc3d47a4f789061752720f,14.0,2021-07-17 21:12:14,14.0
445,0xdbfab92531311f5274d1252197f33c59c362d45d,Mythical,126881_0xdbfab92531311f5274d1252197f33c59c362d45d_1626556252,126881,15,0xd832dc1b9f66f3ef378a9c21bbeffaae9469be2d,14.0,2021-07-17 21:10:52,210.0
446,0xdbfab92531311f5274d1252197f33c59c362d45d,Godlike,127168_0xdbfab92531311f5274d1252197f33c59c362d45d_1626556206,127168,1,0xb9c6b0dd480ba66737f1a92e0b4bee405423f033,68.0,2021-07-17 21:10:06,68.0
447,0x002d2715b179d0db3e17cc28317a98f2f65e6884,Drop,126960_0x002d2715b179d0db3e17cc28317a98f2f65e6884_1626555983,126960,2,0xa6b49397ce21bb62200e914f41bf371e5940bb41,15.0,2021-07-17 21:06:23,30.0
448,0x002d2715b179d0db3e17cc28317a98f2f65e6884,Drop,126785_0x002d2715b179d0db3e17cc28317a98f2f65e6884_1626555943,126785,1,0xcc84cc9462e4f1f45597c584123ee31cd7e5864b,15.0,2021-07-17 21:05:43,15.0
449,0x002d2715b179d0db3e17cc28317a98f2f65e6884,Drop,126834_0x002d2715b179d0db3e17cc28317a98f2f65e6884_1626555935,126834,10,0x1a8d886d3a4a2d2aeb817ebb781f0683351538b1,15.388,2021-07-17 21:05:35,153.88
450,0x002d2715b179d0db3e17cc28317a98f2f65e6884,Drop,126590_0x002d2715b179d0db3e17cc28317a98f2f65e6884_1626555903,126590,4,0xf7b10d603907658f690da534e9b7dbc4dab3e2d6,15.2,2021-07-17 21:05:03,60.8
451,0x002d2715b179d0db3e17cc28317a98f2f65e6884,Drop,126787_0x002d2715b179d0db3e17cc28317a98f2f65e6884_1626555883,126787,5,0x40e5423132d2f6b5dc110781e269df7a65674c75,15.0,2021-07-17 21:04:43,75.0
452,0x002d2715b179d0db3e17cc28317a98f2f65e6884,Drop,126785_0x002d2715b179d0db3e17cc28317a98f2f65e6884_1626555863,126785,2,0xcc84cc9462e4f1f45597c584123ee31cd7e5864b,15.0,2021-07-17 21:04:23,30.0
453,0x002d2715b179d0db3e17cc28317a98f2f65e6884,Drop,126767_0x002d2715b179d0db3e17cc28317a98f2f65e6884_1626555853,126767,9,0xdaaf88a9bec5e584329e4954bf72e7909f3a71e9,15.0,2021-07-17 21:04:13,135.0
454,0x002d2715b179d0db3e17cc28317a98f2f65e6884,Drop,127160_0x002d2715b179d0db3e17cc28317a98f2f65e6884_1626555845,127160,15,0x2afb58a22e7d3c241ab7b9a1f68b9e8e74ec9d68,14.99,2021-07-17 21:04:05,224.85
455,0x002d2715b179d0db3e17cc28317a98f2f65e6884,Drop,126850_0x002d2715b179d0db3e17cc28317a98f2f65e6884_1626555821,126850,4,0x1882ccf22c1e0949d2178c0a37c8ab416adf987b,14.5,2021-07-17 21:03:41,58.0
456,0x002d2715b179d0db3e17cc28317a98f2f65e6884,Drop,126847_0x002d2715b179d0db3e17cc28317a98f2f65e6884_1626555805,126847,1,0xd02fccd51c8ab2ca3a1ce3079a209f395d72c230,14.49,2021-07-17 21:03:25,14.49
457,0x002d2715b179d0db3e17cc28317a98f2f65e6884,Drop,126887_0x002d2715b179d0db3e17cc28317a98f2f65e6884_1626555799,126887,1,0x9f533eec49dc2dbbf495f1cd687c2536d424be07,14.3,2021-07-17 21:03:19,14.3
458,0x002d2715b179d0db3e17cc28317a98f2f65e6884,Drop,127161_0x002d2715b179d0db3e17cc28317a98f2f65e6884_1626555791,127161,1,0xe90e640b09fdef82c3e33f2ba2d80d4a784ba0f5,14.0,2021-07-17 21:03:11,14.0
459,0x002d2715b179d0db3e17cc28317a98f2f65e6884,Drop,126998_0x002d2715b179d0db3e17cc28317a98f2f65e6884_1626555745,126998,7,0x72db34299d4bb489993a49822708ce692cca3eb2,14.489,2021-07-17 21:02:25,101.423
460,0x002d2715b179d0db3e17cc28317a98f2f65e6884,Drop,126826_0x002d2715b179d0db3e17cc28317a98f2f65e6884_1626555723,126826,5,0x68a173eb938fcfe323e47947fd29877e5b318b60,14.4,2021-07-17 21:02:03,72.0
461,0x002d2715b179d0db3e17cc28317a98f2f65e6884,Drop,126882_0x002d2715b179d0db3e17cc28317a98f2f65e6884_1626555709,126882,2,0x2b26f40e4fd7c28d3938be40acb51792d84385ec,14.3,2021-07-17 21:01:49,28.6
462,0x002d2715b179d0db3e17cc28317a98f2f65e6884,Drop,126885_0x002d2715b179d0db3e17cc28317a98f2f65e6884_1626555699,126885,2,0xd1ccab6b1f4606d80106b52a4415985ab78cbb93,14.2,2021-07-17 21:01:39,28.4
463,0x002d2715b179d0db3e17cc28317a98f2f65e6884,Drop,127169_0x002d2715b179d0db3e17cc28317a98f2f65e6884_1626555689,127169,1,0xb9c6b0dd480ba66737f1a92e0b4bee405423f033,14.0,2021-07-17 21:01:29,14.0
464,0x002d2715b179d0db3e17cc28317a98f2f65e6884,Drop,127159_0x002d2715b179d0db3e17cc28317a98f2f65e6884_1626555683,127159,1,0xd4690ced27007fed0c3fb1738b1e031d6d8092b0,14.0,2021-07-17 21:01:23,14.0
465,0x002d2715b179d0db3e17cc28317a98f2f65e6884,Drop,127183_0x002d2715b179d0db3e17cc28317a98f2f65e6884_1626555675,127183,1,0x783dca6f7b25e155123a5ea77ff2f7dd1deeef85,13.9,2021-07-17 21:01:15,13.9
466,0x002d2715b179d0db3e17cc28317a98f2f65e6884,Drop,127183_0x002d2715b179d0db3e17cc28317a98f2f65e6884_1626555659,127183,1,0x783dca6f7b25e155123a5ea77ff2f7dd1deeef85,13.9,2021-07-17 21:00:59,13.9
467,0x002d2715b179d0db3e17cc28317a98f2f65e6884,Drop,127184_0x002d2715b179d0db3e17cc28317a98f2f65e6884_1626555617,127184,3,0x4f5391dc61c201bfba8dad5bcd249e7c79b0c54e,13.89,2021-07-17 21:00:17,41.67
468,0xd9d54f0f67fde251ab41ffb36579f308b592d905,Drop,127173_0xd9d54f0f67fde251ab41ffb36579f308b592d905_1626551674,127173,25,0x966b106132ad96b1ffe45736d81693a8c58b6a90,13.9,2021-07-17 19:54:34,347.5
469,0xc80d56cde1a23907f6afa9703f58a14ac34a7e31,Drop,127160_0xc80d56cde1a23907f6afa9703f58a14ac34a7e31_1626549696,127160,10,0x2afb58a22e7d3c241ab7b9a1f68b9e8e74ec9d68,14.99,2021-07-17 19:21:36,149.9
470,0xe88632728ed377f556cb964e6f670f6017d497e4,Legendary,127137_0xe88632728ed377f556cb964e6f670f6017d497e4_1626548087,127137,1,0xb72ed8401892466ea8af528c1af1d0524bc5e105,3.4,2021-07-17 18:54:47,3.4
471,0xe88632728ed377f556cb964e6f670f6017d497e4,Common,127139_0xe88632728ed377f556cb964e6f670f6017d497e4_1626548049,127139,36,0x826088b7174bd1f07becf359025fa751e6ac11cb,0.068,2021-07-17 18:54:09,2.4480000000000004
472,0xe88632728ed377f556cb964e6f670f6017d497e4,Legendary,127138_0xe88632728ed377f556cb964e6f670f6017d497e4_1626548015,127138,2,0x931eb9d2e9b0e496aac1dcdf778399ad762e3739,3.35,2021-07-17 18:53:35,6.7
473,0xd9d54f0f67fde251ab41ffb36579f308b592d905,Drop,126788_0xd9d54f0f67fde251ab41ffb36579f308b592d905_1626547843,126788,13,0xdf1ea9311a66134d4dac70bde54aba03d77e1cb8,14.5,2021-07-17 18:50:43,188.5
474,0x99f63103c109dbce7a45e111da8cf2c8c86cf6c1,Mythical,127117_0x99f63103c109dbce7a45e111da8cf2c8c86cf6c1_1626544255,127117,30,0x6d337a274f7ce25b8c678ec7da2cde5722507b44,13.99,2021-07-17 17:50:55,419.7
475,0x99f63103c109dbce7a45e111da8cf2c8c86cf6c1,Mythical,127107_0x99f63103c109dbce7a45e111da8cf2c8c86cf6c1_1626544127,127107,10,0x5aec3d8d78b59c99dbb5950015825aa633bcbd23,13.89,2021-07-17 17:48:47,138.9
476,0x99f63103c109dbce7a45e111da8cf2c8c86cf6c1,Mythical,127132_0x99f63103c109dbce7a45e111da8cf2c8c86cf6c1_1626544101,127132,2,0x5ae899713d0a696f85b43bd90473b5268f0c1b30,13.8,2021-07-17 17:48:21,27.6
477,0x72db34299d4bb489993a49822708ce692cca3eb2,Drop,127131_0x72db34299d4bb489993a49822708ce692cca3eb2_1626543825,127131,1,0x80039dc3d5bb48ec4bd822c4e8828574fdcc51a6,13.69,2021-07-17 17:43:45,13.69
478,0x18376b013ff6f238e9cdd9c1e72e2085197e525d,Godlike,127145_0x18376b013ff6f238e9cdd9c1e72e2085197e525d_1626543427,127145,1,0xbec2a2bef3566474975efa9a9c6455840dc0a2c5,60.0,2021-07-17 17:37:07,60.0
479,0x18376b013ff6f238e9cdd9c1e72e2085197e525d,Godlike,127142_0x18376b013ff6f238e9cdd9c1e72e2085197e525d_1626543395,127142,1,0xbec2a2bef3566474975efa9a9c6455840dc0a2c5,60.0,2021-07-17 17:36:35,60.0
480,0x40cf6bb888ca670e20139b1caa0ba0996f65371c,Drop,127128_0x40cf6bb888ca670e20139b1caa0ba0996f65371c_1626541893,127128,18,0x5aec3d8d78b59c99dbb5950015825aa633bcbd23,13.95,2021-07-17 17:11:33,251.1
481,0x40cf6bb888ca670e20139b1caa0ba0996f65371c,Drop,127123_0x40cf6bb888ca670e20139b1caa0ba0996f65371c_1626541867,127123,30,0x2afb58a22e7d3c241ab7b9a1f68b9e8e74ec9d68,13.99,2021-07-17 17:11:07,419.7
482,0x1a8d886d3a4a2d2aeb817ebb781f0683351538b1,Legendary,127135_0x1a8d886d3a4a2d2aeb817ebb781f0683351538b1_1626539920,127135,1,0xadf228a1a9e705ca02a998e1b1bc6f14b3bba908,3.3,2021-07-17 16:38:40,3.3
483,0xbd6f5bdc401ab1ca811e40755f4a2ddad75ce2cc,Rare,127133_0xbd6f5bdc401ab1ca811e40755f4a2ddad75ce2cc_1626539854,127133,4,0xadf228a1a9e705ca02a998e1b1bc6f14b3bba908,0.6,2021-07-17 16:37:34,2.4
484,0x1a8d886d3a4a2d2aeb817ebb781f0683351538b1,Legendary,127124_0x1a8d886d3a4a2d2aeb817ebb781f0683351538b1_1626537749,127124,3,0x66653d95309168d8b0b253d77d896d4558befaea,3.3,2021-07-17 16:02:29,9.899999999999999
485,0xf02de4505027133432df6eb111e4e60588b690e5,Drop,127121_0xf02de4505027133432df6eb111e4e60588b690e5_1626537601,127121,1,0x5aec3d8d78b59c99dbb5950015825aa633bcbd23,14.0,2021-07-17 16:00:01,14.0
486,0xf02de4505027133432df6eb111e4e60588b690e5,Drop,127097_0xf02de4505027133432df6eb111e4e60588b690e5_1626537457,127097,1,0xa7f1c77998bae58614be010ad2a806639e280056,14.0,2021-07-17 15:57:37,14.0
487,0xf02de4505027133432df6eb111e4e60588b690e5,Drop,127009_0xf02de4505027133432df6eb111e4e60588b690e5_1626537433,127009,1,0xf2c33029a738ecca8156696fc3602f377e9cb971,14.0,2021-07-17 15:57:13,14.0
488,0xf02de4505027133432df6eb111e4e60588b690e5,Drop,127114_0xf02de4505027133432df6eb111e4e60588b690e5_1626537409,127114,17,0x2afb58a22e7d3c241ab7b9a1f68b9e8e74ec9d68,13.92,2021-07-17 15:56:49,236.64
489,0xf02de4505027133432df6eb111e4e60588b690e5,Drop,127114_0xf02de4505027133432df6eb111e4e60588b690e5_1626537299,127114,13,0x2afb58a22e7d3c241ab7b9a1f68b9e8e74ec9d68,13.92,2021-07-17 15:54:59,180.96
490,0xf02de4505027133432df6eb111e4e60588b690e5,Drop,126933_0xf02de4505027133432df6eb111e4e60588b690e5_1626537267,126933,2,0xed89ea70a367e41bb4ff1a0a185bf0c07dec69de,14.0,2021-07-17 15:54:27,28.0
491,0xf02de4505027133432df6eb111e4e60588b690e5,Drop,127109_0xf02de4505027133432df6eb111e4e60588b690e5_1626537237,127109,10,0x5aec3d8d78b59c99dbb5950015825aa633bcbd23,13.94,2021-07-17 15:53:57,139.4
492,0xf02de4505027133432df6eb111e4e60588b690e5,Drop,126930_0xf02de4505027133432df6eb111e4e60588b690e5_1626537215,126930,2,0xe0350c57c2ba6ef8731e41e06f528e6661355b6b,14.0,2021-07-17 15:53:35,28.0
493,0xf02de4505027133432df6eb111e4e60588b690e5,Drop,127066_0xf02de4505027133432df6eb111e4e60588b690e5_1626537199,127066,2,0x61db2684758e3b14572ec5d106194ede3dad8238,13.9,2021-07-17 15:53:19,27.8
494,0xf02de4505027133432df6eb111e4e60588b690e5,Drop,127083_0xf02de4505027133432df6eb111e4e60588b690e5_1626537167,127083,1,0x6fce63859a859a0f30ed09b12f5010d790618ca4,13.4,2021-07-17 15:52:47,13.4
495,0xf02de4505027133432df6eb111e4e60588b690e5,Drop,127077_0xf02de4505027133432df6eb111e4e60588b690e5_1626537112,127077,1,0x705415b435751ecc1793a1071f8ac9c2d8bfee87,13.94,2021-07-17 15:51:52,13.94
496,0xf02de4505027133432df6eb111e4e60588b690e5,Drop,127073_0xf02de4505027133432df6eb111e4e60588b690e5_1626537082,127073,2,0x16a1708187cf1717744aa1e8bdb47a93ce1d2e69,14.0,2021-07-17 15:51:22,28.0
497,0xf02de4505027133432df6eb111e4e60588b690e5,Drop,127048_0xf02de4505027133432df6eb111e4e60588b690e5_1626537058,127048,20,0x7bb8705a3581f549c039401903251aa010ade9c6,14.0,2021-07-17 15:50:58,280.0
498,0xf02de4505027133432df6eb111e4e60588b690e5,Drop,127089_0xf02de4505027133432df6eb111e4e60588b690e5_1626537038,127089,10,0x5aec3d8d78b59c99dbb5950015825aa633bcbd23,13.95,2021-07-17 15:50:38,139.5
499,0xf02de4505027133432df6eb111e4e60588b690e5,Drop,127099_0xf02de4505027133432df6eb111e4e60588b690e5_1626537006,127099,10,0x151eaaa48bbd08b7cc37b52216cf54f54c41b24b,14.0,2021-07-17 15:50:06,140.0
500,0xf02de4505027133432df6eb111e4e60588b690e5,Drop,126974_0xf02de4505027133432df6eb111e4e60588b690e5_1626536980,126974,27,0x2afb58a22e7d3c241ab7b9a1f68b9e8e74ec9d68,13.98,2021-07-17 15:49:40,377.46000000000004
501,0xa3ae371ce95e2febe99db246652d947b91af48c3,Mythical,127070_0xa3ae371ce95e2febe99db246652d947b91af48c3_1626536026,127070,10,0x3b8752cab4d90828eb847d4994237f36c5308285,13.8,2021-07-17 15:33:46,138.0
