,Buyer,Listing,Quantity,Seller,Price (GHST),Date,Name,Original Price (GHST),Rarity,Total Purchase (GHST),Slot
0,0xfaf39e9d421db0edb4b2026b4ce7479bf373b79f,150299,1,0xa671b4566810f22cc67ff7c52e6f7c0959880af8,90.0,2021-08-25 14:24:32,Aviators,10.0,Uncommon,90.0,Eyes
1,0xfbf9f4db8db1386464aef8d09bccfc26979aff46,144428,2,0x36613eab0ed4c9d0f5abf7f8cfea819f84b9610c,12.0,2021-08-25 12:56:15,Aave Plush,5.0,Common,24.0,Hand
2,0xcc84cc9462e4f1f45597c584123ee31cd7e5864b,150145,1,0x8560f3aa7c2522bfeabca88bb8f5f55efe9611fe,137.0,2021-08-25 12:24:17,Bedtime Milk,100.0,Rare,137.0,Hand
3,0xcc84cc9462e4f1f45597c584123ee31cd7e5864b,150155,1,0x2f3045ce8f70757e5cbad58215134aedaf2e4ca4,9.0,2021-08-25 12:02:53,Pajama Shirt,10.0,Uncommon,9.0,Body
4,0xa44eea8180ac3f66e7dbeab8d0a15cbf1c90b05f,150201,1,0x0bcdc503f78bff5dc7b867c6740226d9621117b1,130.0,2021-08-25 11:07:28,Uncommon Rofl,10.0,Uncommon,130.0,Pet
5,0xfac137e6753b1c7b210cd1167f221b61d6eb4638,150118,1,0x1a8d886d3a4a2d2aeb817ebb781f0683351538b1,34.95,2021-08-25 10:06:42,Aave Hero Mask,5.0,Common,34.95,Face
6,0xa7f1c77998bae58614be010ad2a806639e280056,150231,1,0xb9c6b0dd480ba66737f1a92e0b4bee405423f033,350.0,2021-08-25 10:04:18,Baby Bottle,300.0,Legendary,350.0,Hand
7,0xfac137e6753b1c7b210cd1167f221b61d6eb4638,149284,1,0x0b447dbbd3c5c5f2b43be11297e96bb884c16002,24.0,2021-08-25 09:52:56,Game Controller,10.0,Uncommon,24.0,Hand
8,0x5f2b6648a7b62bea1b4bc31edc318365fa7bb0ff,148374,1,0x027b6146248b3a7648e7c7e243bd01e1704bc3ca,49.9,2021-08-25 09:40:04,MK2 Grenade,5.0,Common,49.9,Hand
9,0x5f2b6648a7b62bea1b4bc31edc318365fa7bb0ff,27101,1,0x1a12459b5d9d8f37038205079787f05495254545,50.0,2021-08-25 09:39:50,MK2 Grenade,5.0,Common,50.0,Hand
10,0x5f2b6648a7b62bea1b4bc31edc318365fa7bb0ff,145887,1,0x830437c8d234c61ae6bffbc11f2b885e6e934554,60.0,2021-08-25 09:39:44,MK2 Grenade,5.0,Common,60.0,Hand
11,0x5f2b6648a7b62bea1b4bc31edc318365fa7bb0ff,147883,1,0xb6a36c05d3b414ce58b570fcad33f47dcc0b7a85,49.5,2021-08-25 09:39:36,MK2 Grenade,5.0,Common,49.5,Hand
12,0x5f2b6648a7b62bea1b4bc31edc318365fa7bb0ff,149384,1,0x4572192ed1dee5fd0f8f07269be4ef3e3e270715,48.0,2021-08-25 09:39:30,MK2 Grenade,5.0,Common,48.0,Hand
13,0x5f2b6648a7b62bea1b4bc31edc318365fa7bb0ff,149538,1,0xcc84cc9462e4f1f45597c584123ee31cd7e5864b,47.8,2021-08-25 09:39:12,MK2 Grenade,5.0,Common,47.8,Hand
14,0x5f2b6648a7b62bea1b4bc31edc318365fa7bb0ff,149409,1,0xce9332f4d44e9efccc64f88c9bd23e288c0ae5a2,98.0,2021-08-25 08:34:47,Aviators,10.0,Uncommon,98.0,Eyes
15,0xc99df6b7a5130dce61ba98614a2457daa8d92d1c,111400,1,0xe741f716049de5514e8304b1c666ee2b18f7027e,699.0,2021-08-25 07:49:37,Link Bubbly,300.0,Legendary,699.0,Hand
16,0xc99df6b7a5130dce61ba98614a2457daa8d92d1c,149260,1,0x5f9ce0c2804af2a678d33e3617ee829c00ef6be0,599.0,2021-08-25 07:49:35,Link Bubbly,300.0,Legendary,599.0,Hand
17,0xc99df6b7a5130dce61ba98614a2457daa8d92d1c,145109,1,0x92db5dcbf375fa203c9cb60f095c5800d59f0a3e,328.0,2021-08-25 07:49:35,Steampunk Goggles,100.0,Rare,328.0,Eyes
18,0xc99df6b7a5130dce61ba98614a2457daa8d92d1c,143622,1,0x026ad6ecd5124809d5f3b393f6a94ac195ca55b9,99.0,2021-08-25 07:49:31,Foxy Tail,10.0,Uncommon,99.0,Pet
19,0xc99df6b7a5130dce61ba98614a2457daa8d92d1c,134317,1,0xf7f83e73480afbc76754e52404a10c70ebb62eb4,582.0,2021-08-25 07:49:29,Aagent Headset,100.0,Rare,582.0,Face
20,0x830437c8d234c61ae6bffbc11f2b885e6e934554,143001,1,0xf923560ef6d74d310534fb45ae2226a8ea325b03,10.0,2021-08-25 07:22:17,32 ETH Coin,5.0,Common,10.0,Hand
21,0x47ea0ab486f9d00f16d9f248e3388586e061f7f8,149422,1,0x038f77ab71fc40949eea81aa65b471c6a3f1a02d,25.0,2021-08-25 07:15:23,Aave Hero Mask,5.0,Common,25.0,Face
22,0x47ea0ab486f9d00f16d9f248e3388586e061f7f8,149289,1,0xd8b62078a5b6219532a9a5f68cdb7cffaad07e9f,23.0,2021-08-25 07:15:17,Aave Hero Mask,5.0,Common,23.0,Face
23,0x47ea0ab486f9d00f16d9f248e3388586e061f7f8,149393,2,0x0bcdc503f78bff5dc7b867c6740226d9621117b1,18.0,2021-08-25 07:15:11,Elf Ears,5.0,Common,36.0,Face
24,0x47ea0ab486f9d00f16d9f248e3388586e061f7f8,122190,1,0x80b78c03ecaf44c062d0444c7a68a6f957add9ee,50.0,2021-08-25 07:14:35,Common Rofl,5.0,Common,50.0,Pet
25,0x47ea0ab486f9d00f16d9f248e3388586e061f7f8,149392,1,0x0bcdc503f78bff5dc7b867c6740226d9621117b1,44.5,2021-08-25 07:14:27,Common Rofl,5.0,Common,44.5,Pet
26,0x47ea0ab486f9d00f16d9f248e3388586e061f7f8,149421,1,0x038f77ab71fc40949eea81aa65b471c6a3f1a02d,44.0,2021-08-25 07:14:25,Common Rofl,5.0,Common,44.0,Pet
27,0xcc84cc9462e4f1f45597c584123ee31cd7e5864b,135592,1,0x36613eab0ed4c9d0f5abf7f8cfea819f84b9610c,10.0,2021-08-25 05:34:47,32 ETH Coin,5.0,Common,10.0,Hand
28,0xa44eea8180ac3f66e7dbeab8d0a15cbf1c90b05f,149391,2,0x0bcdc503f78bff5dc7b867c6740226d9621117b1,130.0,2021-08-25 05:21:48,Uncommon Rofl,10.0,Uncommon,260.0,Pet
29,0x26b350f462ae30ec1c48c36ba944ab66f06dafee,149062,1,0x18932848b2f9b14b70972a1400133d1ed6342114,13.99,2021-08-25 04:30:49,Track Shorts,10.0,Uncommon,13.99,Body
30,0x26b350f462ae30ec1c48c36ba944ab66f06dafee,120107,1,0xcc84cc9462e4f1f45597c584123ee31cd7e5864b,9.99,2021-08-25 04:29:55,32 ETH Coin,5.0,Common,9.99,Hand
31,0x830437c8d234c61ae6bffbc11f2b885e6e934554,148708,2,0xa67868fb4f9828d046490dfc6ffb36a1e7651a55,72.0,2021-08-25 03:40:45,M67 Grenade,10.0,Uncommon,144.0,Hand
32,0x830437c8d234c61ae6bffbc11f2b885e6e934554,149592,5,0xafa57e81d02c9017aa7f3e90ed781dd7e3891e11,60.0,2021-08-25 03:39:21,M67 Grenade,10.0,Uncommon,300.0,Hand
33,0x830437c8d234c61ae6bffbc11f2b885e6e934554,149914,1,0x8560f3aa7c2522bfeabca88bb8f5f55efe9611fe,148.0,2021-08-25 03:20:38,Wine,100.0,Rare,148.0,Hand
34,0xdb094e9d2a746bd3373f2c8b7b7a5d4b7199bca7,149824,1,0x6cd33d7653d8bcc657640c7e06be8602bd7b2266,110.0,2021-08-25 03:15:38,Gamer Jacket,100.0,Rare,110.0,Body
35,0x47ea0ab486f9d00f16d9f248e3388586e061f7f8,135709,5,0x6fb4becf05497b79f0fcf61cfa5075efaa137ddf,33.333,2021-08-25 02:39:22,Aave Hero Mask,5.0,Common,166.665,Face
36,0x47ea0ab486f9d00f16d9f248e3388586e061f7f8,149992,1,0xffea5a2cfaf1aafbb87a1fe4eed5413da45c30a0,32.0,2021-08-25 02:38:58,Aave Hero Mask,5.0,Common,32.0,Face
37,0x47ea0ab486f9d00f16d9f248e3388586e061f7f8,143348,1,0xfaf39e9d421db0edb4b2026b4ce7479bf373b79f,27.95,2021-08-25 02:38:44,Elf Ears,5.0,Common,27.95,Face
38,0x47ea0ab486f9d00f16d9f248e3388586e061f7f8,137373,1,0xdcb6be129899033a87ed8c57bf5dc73d084d1e7c,19.0,2021-08-25 02:38:10,Elf Ears,5.0,Common,19.0,Face
39,0x47ea0ab486f9d00f16d9f248e3388586e061f7f8,145286,1,0x74144c8d95f2dc082cbfdf1a94b5374452313005,145.0,2021-08-25 02:37:44,Lil Pump Goatee,10.0,Uncommon,145.0,Face
40,0x3ba960aeb77b01476cfef7838b40aa9016b0e3c5,149593,1,0xafa57e81d02c9017aa7f3e90ed781dd7e3891e11,40.0,2021-08-25 02:13:45,Snow Camo Pants,10.0,Uncommon,40.0,Body
41,0x3ba960aeb77b01476cfef7838b40aa9016b0e3c5,149595,1,0xafa57e81d02c9017aa7f3e90ed781dd7e3891e11,15.0,2021-08-25 02:06:51,Snow Camo Hat,10.0,Uncommon,15.0,Head
42,0x0a097a28a9ecdef27380bed164eedca0561accfd,145723,1,0x830437c8d234c61ae6bffbc11f2b885e6e934554,16.9,2021-08-25 02:04:55,Pitchfork,5.0,Common,16.9,Hand
43,0x0a097a28a9ecdef27380bed164eedca0561accfd,139195,1,0x0628ff854c191d4b80d2f07b3f1a39d878cd2e3a,45.0,2021-08-25 01:12:35,Captain Aave Shield,10.0,Uncommon,45.0,Hand
44,0x0a097a28a9ecdef27380bed164eedca0561accfd,144722,1,0x18932848b2f9b14b70972a1400133d1ed6342114,44.99,2021-08-25 01:12:17,Captain Aave Mask,10.0,Uncommon,44.99,Head
45,0x0a097a28a9ecdef27380bed164eedca0561accfd,146148,1,0x18932848b2f9b14b70972a1400133d1ed6342114,40.0,2021-08-25 01:12:09,Captain Aave Suit,10.0,Uncommon,40.0,Body
46,0xea651e5b72751f1d2e36255f5f59792c84cd856f,136424,1,0x97da846d77b043ea5aea362fd2f22a0acdb9d4ee,199.0,2021-08-25 01:02:12,Jamaican Flag,100.0,Rare,199.0,Hand
47,0x034961ef5fd3f25dbb91440ad3ce0a119e875847,149945,1,0x4652ee8481d731a7f5a166be13ec5f900df9c31e,8.9,2021-08-24 23:55:38,Common Wizard Staff,5.0,Common,8.9,Hand
48,0x830437c8d234c61ae6bffbc11f2b885e6e934554,149928,1,0x39001877121f282464112926294459638214e7bd,115.0,2021-08-24 23:04:11,Princess Tiara,100.0,Rare,115.0,Head
49,0x0a9a893ed9e173b3298c8022e959ec6691673145,148524,1,0x9302861905cc81e8353b1fdf5deeaa9f528f2e74,59.0,2021-08-24 22:39:16,Wizard Visor,5.0,Common,59.0,Eyes
50,0xa67868fb4f9828d046490dfc6ffb36a1e7651a55,141559,1,0xb222525a29c7f35d826b3832501d5e980498ae63,49.99,2021-08-24 22:33:28,Common Rofl,5.0,Common,49.99,Pet
51,0x8560f3aa7c2522bfeabca88bb8f5f55efe9611fe,149897,1,0xaba2f3f01da71db8da0fa35b07997f0ed49a2973,12.0,2021-08-24 21:44:40,Common Wizard Hat,5.0,Common,12.0,Head
52,0x47ea0ab486f9d00f16d9f248e3388586e061f7f8,147172,1,0x72db34299d4bb489993a49822708ce692cca3eb2,1850.0,2021-08-24 21:02:38,Horseshoe Mustache,300.0,Legendary,1850.0,Face
53,0x47ea0ab486f9d00f16d9f248e3388586e061f7f8,135035,1,0xda1086a0cbe2d64c591b396954c794041fcaf3bd,550.0,2021-08-24 20:53:58,Aagent Headset,100.0,Rare,550.0,Face
54,0x47ea0ab486f9d00f16d9f248e3388586e061f7f8,141498,1,0xdfbe8e94c7eaee64af16f06def86ac862b1b7155,169.0,2021-08-24 20:53:06,Lil Pump Goatee,10.0,Uncommon,169.0,Face
55,0x47ea0ab486f9d00f16d9f248e3388586e061f7f8,144311,1,0x830437c8d234c61ae6bffbc11f2b885e6e934554,167.5,2021-08-24 20:53:02,Lil Pump Goatee,10.0,Uncommon,167.5,Face
56,0x47ea0ab486f9d00f16d9f248e3388586e061f7f8,144947,1,0x5551fa79f15ca4592a3950372fd3d4ee8be7b5cc,165.0,2021-08-24 20:52:54,Lil Pump Goatee,10.0,Uncommon,165.0,Face
57,0x47ea0ab486f9d00f16d9f248e3388586e061f7f8,145228,1,0xbce3bd3b206946abbe094903ae2b4244b52fb4e9,150.0,2021-08-24 20:52:28,Lil Pump Goatee,10.0,Uncommon,150.0,Face
58,0x47ea0ab486f9d00f16d9f248e3388586e061f7f8,146840,1,0x5f3b8034b8bc5715ddbc6aba5fceb99b3e223e9c,144.0,2021-08-24 20:52:20,Lil Pump Goatee,10.0,Uncommon,144.0,Face
59,0x47ea0ab486f9d00f16d9f248e3388586e061f7f8,135709,1,0x6fb4becf05497b79f0fcf61cfa5075efaa137ddf,33.333,2021-08-24 20:51:22,Aave Hero Mask,5.0,Common,33.333,Face
60,0x47ea0ab486f9d00f16d9f248e3388586e061f7f8,140291,1,0xaec7d9e4216758e88b926695df4a6d47abccc0ef,30.0,2021-08-24 20:51:10,Elf Ears,5.0,Common,30.0,Face
61,0x47ea0ab486f9d00f16d9f248e3388586e061f7f8,149012,1,0xa44eea8180ac3f66e7dbeab8d0a15cbf1c90b05f,29.0,2021-08-24 20:51:02,Aave Hero Mask,5.0,Common,29.0,Face
62,0x47ea0ab486f9d00f16d9f248e3388586e061f7f8,126146,1,0x6ceec3ce62c046c341704dcaf3969c89df083870,28.0,2021-08-24 20:50:56,Elf Ears,5.0,Common,28.0,Face
63,0x47ea0ab486f9d00f16d9f248e3388586e061f7f8,143348,1,0xfaf39e9d421db0edb4b2026b4ce7479bf373b79f,27.95,2021-08-24 20:50:16,Elf Ears,5.0,Common,27.95,Face
64,0x47ea0ab486f9d00f16d9f248e3388586e061f7f8,149004,1,0xcfedaa82ad243029dd9bec45de9e3f2b14f91bf0,27.8,2021-08-24 20:50:08,Elf Ears,5.0,Common,27.8,Face
65,0x47ea0ab486f9d00f16d9f248e3388586e061f7f8,146979,1,0x77427023e70cafd983dabaf3488d8d83ecb15b96,26.0,2021-08-24 20:49:28,Aave Hero Mask,5.0,Common,26.0,Face
66,0x47ea0ab486f9d00f16d9f248e3388586e061f7f8,143819,1,0x1a8d886d3a4a2d2aeb817ebb781f0683351538b1,24.98,2021-08-24 20:49:22,Aave Hero Mask,5.0,Common,24.98,Face
67,0x47ea0ab486f9d00f16d9f248e3388586e061f7f8,145227,1,0xbce3bd3b206946abbe094903ae2b4244b52fb4e9,20.0,2021-08-24 20:48:54,Elf Ears,5.0,Common,20.0,Face
68,0x47ea0ab486f9d00f16d9f248e3388586e061f7f8,139620,1,0x1d896bfc5a6521fe3d044109dc804ba85a375c06,20.0,2021-08-24 20:48:44,Elf Ears,5.0,Common,20.0,Face
69,0x47ea0ab486f9d00f16d9f248e3388586e061f7f8,147529,1,0xd32f222283d295f93664b11faac967e6826b635f,19.0,2021-08-24 20:48:38,Elf Ears,5.0,Common,19.0,Face
70,0x47ea0ab486f9d00f16d9f248e3388586e061f7f8,137373,1,0xdcb6be129899033a87ed8c57bf5dc73d084d1e7c,19.0,2021-08-24 20:48:30,Elf Ears,5.0,Common,19.0,Face
71,0x47ea0ab486f9d00f16d9f248e3388586e061f7f8,142181,1,0x4e7bf3694962fc482a16d60fd78f99db9c4c52b0,55.0,2021-08-24 20:33:33,Common Rofl,5.0,Common,55.0,Pet
72,0x47ea0ab486f9d00f16d9f248e3388586e061f7f8,106106,1,0x0628c084f4b72c1297e96c7005f309ae89f982a6,55.0,2021-08-24 20:33:21,Common Rofl,5.0,Common,55.0,Pet
73,0x47ea0ab486f9d00f16d9f248e3388586e061f7f8,140113,1,0x77427023e70cafd983dabaf3488d8d83ecb15b96,52.0,2021-08-24 20:33:19,Common Rofl,5.0,Common,52.0,Pet
74,0x47ea0ab486f9d00f16d9f248e3388586e061f7f8,143202,1,0x907e7fe9303875496ca588a363a2e2684ee65fc7,50.0,2021-08-24 20:32:45,Common Rofl,5.0,Common,50.0,Pet
75,0x47ea0ab486f9d00f16d9f248e3388586e061f7f8,125542,1,0x940e4d88158f5ea1610c93c11354a9c9f7f00988,50.0,2021-08-24 20:32:29,Common Rofl,5.0,Common,50.0,Pet
76,0x47ea0ab486f9d00f16d9f248e3388586e061f7f8,136022,1,0xdbca6155c197bd64feb008d82e95c9c7b58f67e6,50.0,2021-08-24 20:32:09,Common Rofl,5.0,Common,50.0,Pet
77,0x6cd33d7653d8bcc657640c7e06be8602bd7b2266,149815,1,0xaba2f3f01da71db8da0fa35b07997f0ed49a2973,17.0,2021-08-24 19:47:38,Common Wizard Staff,5.0,Common,17.0,Hand
78,0xd24a5b3a49ec2ed0dace25f1debed07e340befc9,134326,1,0x5a873fdd909cdaf2d1f7a74f08e574ec8a5eb294,19.0,2021-08-24 19:47:38,Elf Ears,5.0,Common,19.0,Face
79,0x6cd33d7653d8bcc657640c7e06be8602bd7b2266,149690,1,0x3b02692ab73431e2e263421b1b6ecf89cdb6714c,13.0,2021-08-24 19:20:30,Miner Jeans,10.0,Uncommon,13.0,Body
80,0xb5d5afc49683e74567cc7173678bc0a8f9311af5,145254,1,0xcc84cc9462e4f1f45597c584123ee31cd7e5864b,38.5,2021-08-24 19:13:10,Apple Juice,10.0,Uncommon,38.5,Hand
81,0x2eb5e41673506c9acfc94b665bd0ca5b5f7335f9,149684,1,0x3b02692ab73431e2e263421b1b6ecf89cdb6714c,480.0,2021-08-24 18:53:38,Legendary Wizard Hat,300.0,Legendary,480.0,Head
82,0x47ea0ab486f9d00f16d9f248e3388586e061f7f8,148420,1,0x3742f0fd8fce40411c450e74d270d4d5faaf92fd,399.0,2021-08-24 17:47:11,Rare Rofl,100.0,Rare,399.0,Pet
83,0x47ea0ab486f9d00f16d9f248e3388586e061f7f8,148805,1,0x0c404f55595ab844d519a084ff1b8cb36aaad1d1,398.0,2021-08-24 17:44:23,Rare Rofl,100.0,Rare,398.0,Pet
84,0x47ea0ab486f9d00f16d9f248e3388586e061f7f8,142786,1,0x58babcd845405c1a4cb4f6f382954c87a2f0ad0f,189.0,2021-08-24 17:44:21,Uncommon Rofl,10.0,Uncommon,189.0,Pet
85,0x47ea0ab486f9d00f16d9f248e3388586e061f7f8,141592,2,0xd9d54f0f67fde251ab41ffb36579f308b592d905,180.0,2021-08-24 17:43:29,Uncommon Rofl,10.0,Uncommon,360.0,Pet
86,0x47ea0ab486f9d00f16d9f248e3388586e061f7f8,147720,1,0xb53cf0a586973ab15c0a045990d06b4fa083dd5a,158.0,2021-08-24 17:42:49,Uncommon Rofl,10.0,Uncommon,158.0,Pet
87,0x47ea0ab486f9d00f16d9f248e3388586e061f7f8,147777,1,0x002d2715b179d0db3e17cc28317a98f2f65e6884,157.38,2021-08-24 17:42:08,Uncommon Rofl,10.0,Uncommon,157.38,Pet
88,0x47ea0ab486f9d00f16d9f248e3388586e061f7f8,148463,1,0xa44eea8180ac3f66e7dbeab8d0a15cbf1c90b05f,155.0,2021-08-24 17:40:44,Uncommon Rofl,10.0,Uncommon,155.0,Pet
89,0x47ea0ab486f9d00f16d9f248e3388586e061f7f8,141900,9,0x1315b9510cd7f75a63bb59ba7d9d1fad083d0667,49.0,2021-08-24 17:38:28,Common Rofl,5.0,Common,441.0,Pet
90,0x47ea0ab486f9d00f16d9f248e3388586e061f7f8,141900,1,0x1315b9510cd7f75a63bb59ba7d9d1fad083d0667,49.0,2021-08-24 17:37:42,Common Rofl,5.0,Common,49.0,Pet
91,0x47ea0ab486f9d00f16d9f248e3388586e061f7f8,143851,1,0x22cab81e0fee2bad5b015dbbeb6a374a1b8738de,48.0,2021-08-24 17:33:20,Common Rofl,5.0,Common,48.0,Pet
92,0x47ea0ab486f9d00f16d9f248e3388586e061f7f8,144476,1,0x830437c8d234c61ae6bffbc11f2b885e6e934554,47.8,2021-08-24 17:32:28,Common Rofl,5.0,Common,47.8,Pet
93,0x47ea0ab486f9d00f16d9f248e3388586e061f7f8,147253,1,0xde34393312c0c1e97e404d18a04580e9610e063c,45.0,2021-08-24 17:31:52,Common Rofl,5.0,Common,45.0,Pet
94,0x56babdca2fba5c5832a02f282816f82aff785c44,149625,1,0x75c32299da1395c5ba98c6e213f0deb1320a33cb,220.0,2021-08-24 17:28:55,Dragon Wings,100.0,Rare,220.0,Body
95,0x56babdca2fba5c5832a02f282816f82aff785c44,149271,1,0x6cd33d7653d8bcc657640c7e06be8602bd7b2266,68.0,2021-08-24 16:57:37,Dragon Horns,10.0,Uncommon,68.0,Head
96,0xc99df6b7a5130dce61ba98614a2457daa8d92d1c,147114,1,0x51a53da25d4ee6a35993bacb83db27be2b73690c,735.0,2021-08-24 16:06:42,Water Jug,300.0,Legendary,735.0,Hand
97,0xc99df6b7a5130dce61ba98614a2457daa8d92d1c,149670,1,0xc6498c330167f0e3bccc0f80e5933dead87e8688,300.0,2021-08-24 15:55:09,Steampunk Goggles,100.0,Rare,300.0,Eyes
98,0xc99df6b7a5130dce61ba98614a2457daa8d92d1c,148819,1,0xffea5a2cfaf1aafbb87a1fe4eed5413da45c30a0,499.0,2021-08-24 15:49:55,Aagent Headset,100.0,Rare,499.0,Face
99,0xc99df6b7a5130dce61ba98614a2457daa8d92d1c,144588,1,0x817887f7537ca8ae5409cb68c23242ee66a71557,699.0,2021-08-24 15:49:51,Mechanical Claw,300.0,Legendary,699.0,Hand
100,0xe1dfec1c1213baf331eb586468ebdf6b67f7c332,148540,1,0x3ba960aeb77b01476cfef7838b40aa9016b0e3c5,145.0,2021-08-24 15:04:47,Lil Pump Goatee,10.0,Uncommon,145.0,Face
101,0xe1dfec1c1213baf331eb586468ebdf6b67f7c332,148393,1,0x01cbca310c9f65d8877bddf0a70f57e5de294fde,1200.0,2021-08-24 14:51:21,Lil Pump Shades,300.0,Legendary,1200.0,Eyes
102,0xe1dfec1c1213baf331eb586468ebdf6b67f7c332,144188,1,0x83c965874d18b76f4cb93e03e7759f876bccede0,1180.0,2021-08-24 14:51:01,Portal Mage Axe,300.0,Legendary,1180.0,Hand
103,0xb049df3c39b9726817c23efb6d58b75b83a19389,149525,1,0x10a0eae90cb6fc1fd2feaa45365e7028dd79a01a,10.0,2021-08-24 14:04:38,Aave Plush,5.0,Common,10.0,Hand
104,0x10bfc18f848adb42fe95e330111622d949743177,149060,1,0x18932848b2f9b14b70972a1400133d1ed6342114,8.89,2021-08-24 11:50:54,Farmer Jeans,5.0,Common,8.89,Body
105,0x8b200f4c81c54d9014b4cda3f16501069fa20ab9,149231,1,0x8560f3aa7c2522bfeabca88bb8f5f55efe9611fe,51.5,2021-08-24 07:49:52,Wizard Visor,5.0,Common,51.5,Eyes
106,0xae5b56ca47e84b6c749e0454680c4161b9da9790,103464,1,0x943366565694e06dc8eeb3ca7a75c33fcb8956b3,99.0,2021-08-24 07:46:06,Polygon Cap,100.0,Rare,99.0,Head
107,0xae5b56ca47e84b6c749e0454680c4161b9da9790,144749,1,0xd5378ddf3c3740b3ad2b3f62ec8f3446b9a47746,23.0,2021-08-24 07:45:18,Polygon Shirt,10.0,Uncommon,23.0,Body
108,0xf667db9883f7bcad47c56e25816460811f59912f,145529,1,0xfaf39e9d421db0edb4b2026b4ce7479bf373b79f,19.95,2021-08-24 07:39:50,Polygon Shirt,10.0,Uncommon,19.95,Body
109,0xf667db9883f7bcad47c56e25816460811f59912f,58083,1,0x9cf936fc3965afb2d9ac2a4123244c459a0ba1c3,10.0,2021-08-24 07:34:38,32 ETH Coin,5.0,Common,10.0,Hand
110,0xf667db9883f7bcad47c56e25816460811f59912f,136556,2,0xd5157866f7bb8f490e13aba960f689178635ead2,10.0,2021-08-24 07:32:02,32 ETH Coin,5.0,Common,20.0,Hand
111,0xe1dfec1c1213baf331eb586468ebdf6b67f7c332,148285,1,0xa499df2bdae854093e5576c26c9e53e1b30d25e5,145.0,2021-08-24 06:49:37,Aviators,10.0,Uncommon,145.0,Eyes
112,0xa55f8afe2cf8ca418f025ba6d3f9f658a878ced0,146469,1,0x75c32299da1395c5ba98c6e213f0deb1320a33cb,195.0,2021-08-24 06:35:08,Dragon Wings,100.0,Rare,195.0,Body
113,0x27861e390d45715fb8c2498cb66800019cf2dbe5,148857,1,0x8ded09ffe3110d353f02dce34fb56e305e6ae4ac,37.95,2021-08-24 04:32:42,Apple Juice,10.0,Uncommon,37.95,Hand
114,0x27861e390d45715fb8c2498cb66800019cf2dbe5,148757,1,0x002d2715b179d0db3e17cc28317a98f2f65e6884,19.99,2021-08-24 04:30:14,Gemstone Ring,10.0,Uncommon,19.99,Hand
115,0x27861e390d45715fb8c2498cb66800019cf2dbe5,149059,1,0x8f2dde19a10d79e70c3201f35d0094a8b37146c3,18.5,2021-08-24 04:28:30,Steampunk Trousers,10.0,Uncommon,18.5,Body
116,0x27861e390d45715fb8c2498cb66800019cf2dbe5,146829,1,0x75c32299da1395c5ba98c6e213f0deb1320a33cb,90.0,2021-08-24 04:24:24,Polygon Cap,100.0,Rare,90.0,Head
117,0x27861e390d45715fb8c2498cb66800019cf2dbe5,147871,1,0xcc84cc9462e4f1f45597c584123ee31cd7e5864b,8.9,2021-08-24 04:22:44,L2 Sign,5.0,Common,8.9,Hand
118,0x27861e390d45715fb8c2498cb66800019cf2dbe5,147740,1,0x002d2715b179d0db3e17cc28317a98f2f65e6884,19.5,2021-08-24 04:22:00,Polygon Shirt,10.0,Uncommon,19.5,Body
119,0xfbf9f4db8db1386464aef8d09bccfc26979aff46,149379,1,0x2d4888499d765d387f9cbc48061b28cde6bc2601,14.0,2021-08-24 03:44:18,Common Wizard Hat,5.0,Common,14.0,Head
120,0x26b350f462ae30ec1c48c36ba944ab66f06dafee,149189,1,0xfbf9f4db8db1386464aef8d09bccfc26979aff46,113.0,2021-08-24 03:21:18,Marine Jacket,100.0,Rare,113.0,Body
121,0x26b350f462ae30ec1c48c36ba944ab66f06dafee,149175,1,0xf2b26a38f626a377afaca16532a55316c18df0fa,40.0,2021-08-24 03:21:10,Bitcoin Beanie,10.0,Uncommon,40.0,Head
122,0x26b350f462ae30ec1c48c36ba944ab66f06dafee,148647,1,0x002d2715b179d0db3e17cc28317a98f2f65e6884,27.38,2021-08-24 03:18:52,Game Controller,10.0,Uncommon,27.38,Hand
123,0x26b350f462ae30ec1c48c36ba944ab66f06dafee,140247,1,0x907e7fe9303875496ca588a363a2e2684ee65fc7,25.0,2021-08-24 03:18:10,Foxy Mask,10.0,Uncommon,25.0,Head
124,0x26b350f462ae30ec1c48c36ba944ab66f06dafee,147864,1,0x56e4df267b3a1bec0cb7c4960fa297686f359214,20.0,2021-08-24 03:16:06,Big GHST Token,5.0,Common,20.0,Hand
125,0x26b350f462ae30ec1c48c36ba944ab66f06dafee,146491,1,0x1779b5aa4fb5e471f1356f7a81e67e716bb69512,15.0,2021-08-24 03:14:52,Pitchfork,5.0,Common,15.0,Hand
126,0xf667db9883f7bcad47c56e25816460811f59912f,142262,2,0x257b5a6b4e777b14b00c31f5e3874a5fa1c4145b,9.98,2021-08-24 02:50:48,32 ETH Coin,5.0,Common,19.96,Hand
127,0xf2b9ec5724dc97362a53907c0b4cc0aa72369e63,149209,1,0x8b9f39b3c76aab744bcee37cc56782bac8eb5ffb,135.0,2021-08-24 01:56:32,Lil Pump Goatee,10.0,Uncommon,135.0,Face
128,0x46a72e158cbf902208a49622c2ded84e8412801e,149251,1,0x8dadff9eee13ccbcc35bb22e99416427d63ef8c9,807.0,2021-08-23 18:58:37,Steampunk Goggles,100.0,Rare,807.0,Eyes
129,0xd32f222283d295f93664b11faac967e6826b635f,148964,1,0x3b02692ab73431e2e263421b1b6ecf89cdb6714c,499.0,2021-08-23 15:54:25,Day Dress,300.0,Legendary,499.0,Body
130,0xd32f222283d295f93664b11faac967e6826b635f,147583,1,0x74144c8d95f2dc082cbfdf1a94b5374452313005,690.0,2021-08-23 15:51:09,Red Santa Hat,0.0,Rare,690.0,Head
131,0xeac3e40b903f1d0d46399575652633b6eda810b9,145516,1,0xfaf39e9d421db0edb4b2026b4ce7479bf373b79f,23.95,2021-08-23 15:19:54,Aave Hero Mask,5.0,Common,23.95,Face
132,0x6519e6117480d140cd7d33163ac30fd01812f34a,147530,1,0xd32f222283d295f93664b11faac967e6826b635f,600.0,2021-08-23 15:19:32,Martini,300.0,Legendary,600.0,Hand
133,0xeac3e40b903f1d0d46399575652633b6eda810b9,149016,1,0xa44eea8180ac3f66e7dbeab8d0a15cbf1c90b05f,10.0,2021-08-23 15:19:20,Aave Plush,5.0,Common,10.0,Hand
134,0xeac3e40b903f1d0d46399575652633b6eda810b9,132442,1,0x17e1cd75bd1f838821c4db32daba018d17382fe3,11.0,2021-08-23 15:19:20,Aave Plush,5.0,Common,11.0,Hand
135,0xeac3e40b903f1d0d46399575652633b6eda810b9,148402,1,0x44a496a49f7e3bedf40e5095c26d429b3a75c1f8,8.0,2021-08-23 15:19:16,Aave Hero Shirt,5.0,Common,8.0,Body
136,0x22cab81e0fee2bad5b015dbbeb6a374a1b8738de,148378,1,0xe1dfec1c1213baf331eb586468ebdf6b67f7c332,180.0,2021-08-23 15:05:45,Dragon Wings,100.0,Rare,180.0,Body
137,0x22cab81e0fee2bad5b015dbbeb6a374a1b8738de,148155,1,0xdb0675ed4aa81a2b19cc0e16ceda98e073370968,26.0,2021-08-23 15:05:45,Fireball,5.0,Common,26.0,Hand
138,0x043aa7d1da9339f80b9b260154fb2275f2743114,147769,1,0x99f63103c109dbce7a45e111da8cf2c8c86cf6c1,83.0,2021-08-23 14:50:59,Aagent Shirt,100.0,Rare,83.0,Body
139,0x043aa7d1da9339f80b9b260154fb2275f2743114,147436,1,0x3742f0fd8fce40411c450e74d270d4d5faaf92fd,124.0,2021-08-23 14:50:59,Thaave Helmet,100.0,Rare,124.0,Head
140,0x4678cb6580b20bd4340fb5269e91af3e921180d8,149062,1,0x18932848b2f9b14b70972a1400133d1ed6342114,13.99,2021-08-23 14:43:18,Track Shorts,10.0,Uncommon,13.99,Body
141,0x4678cb6580b20bd4340fb5269e91af3e921180d8,147877,1,0x10b385eb6c517943da02e58a76c97b5a16e1c31d,9.99,2021-08-23 14:43:18,Aave Plush,5.0,Common,9.99,Hand
142,0xffea5a2cfaf1aafbb87a1fe4eed5413da45c30a0,149011,2,0x0bcdc503f78bff5dc7b867c6740226d9621117b1,18.0,2021-08-23 14:29:22,Elf Ears,5.0,Common,36.0,Face
143,0x262944448ec574dd5f82136964bbf189cc1ab579,149058,1,0xf62b981077540ff0557cb145d975744cd0b36d77,120.0,2021-08-23 14:26:30,Lil Pump Drank,100.0,Rare,120.0,Hand
144,0xcbf7d1c2012629e4689f6c2ca10c4e3a7ce1a75c,143583,1,0xd24a5b3a49ec2ed0dace25f1debed07e340befc9,18.0,2021-08-23 12:54:13,Snapshot Shirt,10.0,Uncommon,18.0,Body
145,0xcbf7d1c2012629e4689f6c2ca10c4e3a7ce1a75c,128257,1,0xf0f8d1d90abb4bb6b016a27545ff088a4160c236,18.0,2021-08-23 12:51:57,Snapshot Shirt,10.0,Uncommon,18.0,Body
146,0xe4bb1faedeef0faf121d52176cbc2c11a021052d,148988,1,0x002d2715b179d0db3e17cc28317a98f2f65e6884,39.99,2021-08-23 12:51:25,Captain Aave Mask,10.0,Uncommon,39.99,Head
147,0xe4bb1faedeef0faf121d52176cbc2c11a021052d,146637,1,0x2dc8c2ec64a5dff670bc4ad3ab2ca6cf0b09a13e,39.0,2021-08-23 12:51:23,Captain Aave Suit,10.0,Uncommon,39.0,Body
148,0xcbf7d1c2012629e4689f6c2ca10c4e3a7ce1a75c,143018,1,0xf923560ef6d74d310534fb45ae2226a8ea325b03,17.0,2021-08-23 12:51:23,Snapshot Shirt,10.0,Uncommon,17.0,Body
149,0xcbf7d1c2012629e4689f6c2ca10c4e3a7ce1a75c,147018,1,0x6cd33d7653d8bcc657640c7e06be8602bd7b2266,16.0,2021-08-23 12:51:09,Snapshot Shirt,10.0,Uncommon,16.0,Body
150,0xcbf7d1c2012629e4689f6c2ca10c4e3a7ce1a75c,149027,1,0xcba6c56f2ae7ada25a69a98252c064d4ea079d7f,15.0,2021-08-23 12:50:13,Snapshot Shirt,10.0,Uncommon,15.0,Body
151,0xcbf7d1c2012629e4689f6c2ca10c4e3a7ce1a75c,146354,1,0xdbca6155c197bd64feb008d82e95c9c7b58f67e6,16.0,2021-08-23 12:50:13,Snapshot Shirt,10.0,Uncommon,16.0,Body
152,0xe4bb1faedeef0faf121d52176cbc2c11a021052d,146713,1,0x90b095ed72ce1dd2da4bb689bb1e3588a5d45f7b,22.99,2021-08-23 12:49:37,Aave Hero Mask,5.0,Common,22.99,Face
153,0xe4bb1faedeef0faf121d52176cbc2c11a021052d,149124,1,0x8b9f39b3c76aab744bcee37cc56782bac8eb5ffb,100.0,2021-08-23 12:48:11,Eagle Armor,100.0,Rare,100.0,Body
154,0xe4bb1faedeef0faf121d52176cbc2c11a021052d,148923,1,0x75c32299da1395c5ba98c6e213f0deb1320a33cb,87.0,2021-08-23 12:47:43,Snapshot Cap,100.0,Rare,87.0,Head
155,0x043aa7d1da9339f80b9b260154fb2275f2743114,148648,1,0x002d2715b179d0db3e17cc28317a98f2f65e6884,25.38,2021-08-23 12:47:35,Fireball,5.0,Common,25.38,Hand
156,0x043aa7d1da9339f80b9b260154fb2275f2743114,147879,1,0xcc84cc9462e4f1f45597c584123ee31cd7e5864b,48.0,2021-08-23 12:45:55,MK2 Grenade,5.0,Common,48.0,Hand
157,0xe4bb1faedeef0faf121d52176cbc2c11a021052d,147725,1,0xb53cf0a586973ab15c0a045990d06b4fa083dd5a,9.0,2021-08-23 12:39:46,Aave Plush,5.0,Common,9.0,Hand
158,0xe4bb1faedeef0faf121d52176cbc2c11a021052d,148470,1,0x0bcdc503f78bff5dc7b867c6740226d9621117b1,19.0,2021-08-23 12:39:32,Vote Sign,5.0,Common,19.0,Hand
159,0xe4bb1faedeef0faf121d52176cbc2c11a021052d,149059,1,0x8f2dde19a10d79e70c3201f35d0094a8b37146c3,18.5,2021-08-23 12:37:14,Steampunk Trousers,10.0,Uncommon,18.5,Body
160,0xe4bb1faedeef0faf121d52176cbc2c11a021052d,102809,1,0x05f652ab4a01b0aa88696121d8c3fd8496c66c81,20.0,2021-08-23 12:36:06,Snapshot Shirt,10.0,Uncommon,20.0,Body
161,0x636db7553dfb9c87dce1a5edf117edcaff1b650a,149058,1,0xf62b981077540ff0557cb145d975744cd0b36d77,120.0,2021-08-23 10:51:11,Lil Pump Drank,100.0,Rare,120.0,Hand
162,0xa671b4566810f22cc67ff7c52e6f7c0959880af8,148526,1,0x9302861905cc81e8353b1fdf5deeaa9f528f2e74,734.0,2021-08-23 09:59:02,Water Jug,300.0,Legendary,734.0,Hand
163,0xa671b4566810f22cc67ff7c52e6f7c0959880af8,147830,1,0xf1d9e2ccfc4f189bb177ac17f0d3cb24a54359bb,725.0,2021-08-23 09:56:10,Water Jug,300.0,Legendary,725.0,Hand
164,0xa671b4566810f22cc67ff7c52e6f7c0959880af8,148733,1,0x002d2715b179d0db3e17cc28317a98f2f65e6884,319.99,2021-08-23 09:49:46,Steampunk Goggles,100.0,Rare,319.99,Eyes
165,0x99cc2f1c2dccf0bb8eeb3443ab6a21aa36f2101e,149014,1,0xa44eea8180ac3f66e7dbeab8d0a15cbf1c90b05f,29.0,2021-08-23 07:34:43,Game Controller,10.0,Uncommon,29.0,Hand
166,0xa44eea8180ac3f66e7dbeab8d0a15cbf1c90b05f,148835,1,0x2b29518e5ac3eda4cfc138facd6f023bffc5d65a,19.0,2021-08-23 06:59:40,Tiny Crown,10.0,Uncommon,19.0,Head
167,0xa44eea8180ac3f66e7dbeab8d0a15cbf1c90b05f,148888,1,0xffea5a2cfaf1aafbb87a1fe4eed5413da45c30a0,12.84,2021-08-23 06:57:14,ETH Logo Glasses,5.0,Common,12.84,Eyes
168,0x002d2715b179d0db3e17cc28317a98f2f65e6884,148837,1,0x2b29518e5ac3eda4cfc138facd6f023bffc5d65a,22.0,2021-08-23 06:06:22,Straw Hat,5.0,Common,22.0,Head
169,0xfaf39e9d421db0edb4b2026b4ce7479bf373b79f,148975,1,0x44a496a49f7e3bedf40e5095c26d429b3a75c1f8,55.0,2021-08-23 05:24:04,Dragon Horns,10.0,Uncommon,55.0,Head
170,0x002d2715b179d0db3e17cc28317a98f2f65e6884,148397,1,0x01cbca310c9f65d8877bddf0a70f57e5de294fde,60.0,2021-08-23 04:49:25,Dragon Horns,10.0,Uncommon,60.0,Head
171,0x034961ef5fd3f25dbb91440ad3ce0a119e875847,148840,1,0xfd9e173edb21bef255d774c7b51314f92e9f31f9,25.4,2021-08-23 04:43:48,Gotchi Mug,5.0,Common,25.4,Hand
172,0x7833635073e9e3fbc1c07373883e04cc4f92d1b6,148946,1,0x44a496a49f7e3bedf40e5095c26d429b3a75c1f8,55.0,2021-08-23 04:38:24,Dragon Horns,10.0,Uncommon,55.0,Head
173,0xb049df3c39b9726817c23efb6d58b75b83a19389,146429,1,0xcfedaa82ad243029dd9bec45de9e3f2b14f91bf0,24.95,2021-08-23 04:06:25,Trezor Wallet,10.0,Uncommon,24.95,Hand
174,0xb049df3c39b9726817c23efb6d58b75b83a19389,132439,1,0x17e1cd75bd1f838821c4db32daba018d17382fe3,25.0,2021-08-23 04:06:07,Foxy Mask,10.0,Uncommon,25.0,Head
175,0xb049df3c39b9726817c23efb6d58b75b83a19389,148751,1,0x002d2715b179d0db3e17cc28317a98f2f65e6884,89.0,2021-08-23 03:46:43,Imperial Moustache,5.0,Common,89.0,Face
176,0xb049df3c39b9726817c23efb6d58b75b83a19389,139195,1,0x0628ff854c191d4b80d2f07b3f1a39d878cd2e3a,45.0,2021-08-23 03:28:35,Captain Aave Shield,10.0,Uncommon,45.0,Hand
177,0xb049df3c39b9726817c23efb6d58b75b83a19389,147544,1,0xa44eea8180ac3f66e7dbeab8d0a15cbf1c90b05f,38.0,2021-08-23 03:28:03,Captain Aave Suit,10.0,Uncommon,38.0,Body
178,0xb049df3c39b9726817c23efb6d58b75b83a19389,148797,1,0x002d2715b179d0db3e17cc28317a98f2f65e6884,39.99,2021-08-23 03:27:47,Captain Aave Mask,10.0,Uncommon,39.99,Head
179,0xb049df3c39b9726817c23efb6d58b75b83a19389,146697,1,0x90b095ed72ce1dd2da4bb689bb1e3588a5d45f7b,14.0,2021-08-23 03:25:29,Track Shorts,10.0,Uncommon,14.0,Body
180,0xb049df3c39b9726817c23efb6d58b75b83a19389,148806,1,0x0c404f55595ab844d519a084ff1b8cb36aaad1d1,54.0,2021-08-23 03:14:52,Wizard Visor,5.0,Common,54.0,Eyes
181,0xb049df3c39b9726817c23efb6d58b75b83a19389,148831,1,0x2b29518e5ac3eda4cfc138facd6f023bffc5d65a,22.0,2021-08-23 03:10:56,Common Wizard Staff,5.0,Common,22.0,Hand
182,0xb049df3c39b9726817c23efb6d58b75b83a19389,148149,1,0xdb0675ed4aa81a2b19cc0e16ceda98e073370968,19.0,2021-08-23 03:04:50,Rasta Hat,10.0,Uncommon,19.0,Head
183,0xb049df3c39b9726817c23efb6d58b75b83a19389,148104,1,0xd32f222283d295f93664b11faac967e6826b635f,200.0,2021-08-23 03:01:12,Pickaxe,100.0,Rare,200.0,Hand
184,0xb049df3c39b9726817c23efb6d58b75b83a19389,147723,1,0xb53cf0a586973ab15c0a045990d06b4fa083dd5a,15.0,2021-08-23 02:59:34,Miner Jeans,10.0,Uncommon,15.0,Body
185,0xb049df3c39b9726817c23efb6d58b75b83a19389,146952,1,0xd32f222283d295f93664b11faac967e6826b635f,15.0,2021-08-23 02:59:14,Miner Helmet,10.0,Uncommon,15.0,Head
186,0xb049df3c39b9726817c23efb6d58b75b83a19389,148396,1,0x01cbca310c9f65d8877bddf0a70f57e5de294fde,170.0,2021-08-23 02:54:16,Dragon Wings,100.0,Rare,170.0,Body
187,0xb049df3c39b9726817c23efb6d58b75b83a19389,148397,1,0x01cbca310c9f65d8877bddf0a70f57e5de294fde,60.0,2021-08-23 02:53:24,Dragon Horns,10.0,Uncommon,60.0,Head
188,0xb049df3c39b9726817c23efb6d58b75b83a19389,146689,1,0x90b095ed72ce1dd2da4bb689bb1e3588a5d45f7b,19.0,2021-08-23 02:36:15,Sweatband,10.0,Uncommon,19.0,Head
189,0xb049df3c39b9726817c23efb6d58b75b83a19389,145535,1,0xfaf39e9d421db0edb4b2026b4ce7479bf373b79f,139.95,2021-08-23 02:17:47,Skateboard,100.0,Rare,139.95,Hand
190,0xb049df3c39b9726817c23efb6d58b75b83a19389,148877,1,0x002d2715b179d0db3e17cc28317a98f2f65e6884,129.0,2021-08-23 02:16:47,Eagle Mask,100.0,Rare,129.0,Head
191,0xb049df3c39b9726817c23efb6d58b75b83a19389,148556,1,0x18932848b2f9b14b70972a1400133d1ed6342114,119.99,2021-08-23 02:15:35,Eagle Armor,100.0,Rare,119.99,Body
192,0xf09d1acbf092ec47970a2aa9e16bc658b2ecf15e,92523,138,0x243cebb2fccae390639f2b454e4886dcfae7deee,25.0,2021-08-23 02:09:31,Aave Hero Mask,5.0,Common,3450.0,Face
193,0xf09d1acbf092ec47970a2aa9e16bc658b2ecf15e,92522,150,0x243cebb2fccae390639f2b454e4886dcfae7deee,10.0,2021-08-23 02:09:09,Aave Hero Shirt,5.0,Common,1500.0,Body
194,0xf09d1acbf092ec47970a2aa9e16bc658b2ecf15e,92521,130,0x243cebb2fccae390639f2b454e4886dcfae7deee,10.0,2021-08-23 02:08:49,Aave Plush,5.0,Common,1300.0,Hand
195,0xf09d1acbf092ec47970a2aa9e16bc658b2ecf15e,146638,1,0x2dc8c2ec64a5dff670bc4ad3ab2ca6cf0b09a13e,21.0,2021-08-23 02:06:40,Trezor Wallet,10.0,Uncommon,21.0,Hand
196,0xf09d1acbf092ec47970a2aa9e16bc658b2ecf15e,148253,1,0xc6641daf8c5896dc75a6aa845dc3717a738c02d7,19.0,2021-08-23 02:06:20,Trezor Wallet,10.0,Uncommon,19.0,Hand
197,0xf09d1acbf092ec47970a2aa9e16bc658b2ecf15e,148422,1,0x3742f0fd8fce40411c450e74d270d4d5faaf92fd,18.0,2021-08-23 02:05:52,Trezor Wallet,10.0,Uncommon,18.0,Hand
198,0xf09d1acbf092ec47970a2aa9e16bc658b2ecf15e,144641,1,0x1ecde92e6437babe983b272caf9fdc32285c4f68,95.0,2021-08-23 02:05:32,Foxy Tail,10.0,Uncommon,95.0,Pet
199,0xf09d1acbf092ec47970a2aa9e16bc658b2ecf15e,148529,1,0x9302861905cc81e8353b1fdf5deeaa9f528f2e74,90.0,2021-08-23 02:04:48,Foxy Tail,10.0,Uncommon,90.0,Pet
200,0xf09d1acbf092ec47970a2aa9e16bc658b2ecf15e,148755,1,0x002d2715b179d0db3e17cc28317a98f2f65e6884,89.0,2021-08-23 02:04:20,Foxy Tail,10.0,Uncommon,89.0,Pet
201,0xf09d1acbf092ec47970a2aa9e16bc658b2ecf15e,143019,1,0xf923560ef6d74d310534fb45ae2226a8ea325b03,20.0,2021-08-23 02:03:48,Foxy Mask,10.0,Uncommon,20.0,Head
202,0xf09d1acbf092ec47970a2aa9e16bc658b2ecf15e,142824,1,0x4c39185a078b5666c372538231cb793a0928807b,20.0,2021-08-23 02:03:18,Foxy Mask,10.0,Uncommon,20.0,Head
203,0xf09d1acbf092ec47970a2aa9e16bc658b2ecf15e,147415,1,0x6cd33d7653d8bcc657640c7e06be8602bd7b2266,20.0,2021-08-23 02:02:52,Foxy Mask,10.0,Uncommon,20.0,Head
204,0xf09d1acbf092ec47970a2aa9e16bc658b2ecf15e,140339,1,0x536835937de4340f73d98ac94a6be3da98f51fe3,20.0,2021-08-23 01:56:58,Foxy Mask,10.0,Uncommon,20.0,Head
205,0xf09d1acbf092ec47970a2aa9e16bc658b2ecf15e,92526,180,0x243cebb2fccae390639f2b454e4886dcfae7deee,10.0,2021-08-23 01:55:40,32 ETH Coin,5.0,Common,1800.0,Hand
206,0xf09d1acbf092ec47970a2aa9e16bc658b2ecf15e,132338,77,0x36fb704c0bb0b3e2db258eeb33fc3757fe92b564,10.0,2021-08-23 01:54:52,32 ETH Coin,5.0,Common,770.0,Hand
207,0xf09d1acbf092ec47970a2aa9e16bc658b2ecf15e,126193,2,0x160fbd013c8821403f9f5f6868b6f50cda050be3,13.0,2021-08-23 01:54:10,ETH Logo Glasses,5.0,Common,26.0,Eyes
208,0xf09d1acbf092ec47970a2aa9e16bc658b2ecf15e,92524,149,0x243cebb2fccae390639f2b454e4886dcfae7deee,15.0,2021-08-23 01:53:34,ETH Logo Glasses,5.0,Common,2235.0,Eyes
209,0xf09d1acbf092ec47970a2aa9e16bc658b2ecf15e,141560,1,0xb222525a29c7f35d826b3832501d5e980498ae63,12.99,2021-08-23 01:52:48,ETH Logo Glasses,5.0,Common,12.99,Eyes
210,0xf09d1acbf092ec47970a2aa9e16bc658b2ecf15e,146978,1,0x77427023e70cafd983dabaf3488d8d83ecb15b96,12.0,2021-08-23 01:52:22,ETH Logo Glasses,5.0,Common,12.0,Eyes
211,0xf09d1acbf092ec47970a2aa9e16bc658b2ecf15e,143358,1,0x038f77ab71fc40949eea81aa65b471c6a3f1a02d,11.9,2021-08-23 01:51:30,ETH Logo Glasses,5.0,Common,11.9,Eyes
212,0xf09d1acbf092ec47970a2aa9e16bc658b2ecf15e,92525,200,0x243cebb2fccae390639f2b454e4886dcfae7deee,10.0,2021-08-23 01:50:18,ETH Tshirt,5.0,Common,2000.0,Body
213,0xf09d1acbf092ec47970a2aa9e16bc658b2ecf15e,132339,42,0x36fb704c0bb0b3e2db258eeb33fc3757fe92b564,9.0,2021-08-23 01:49:32,ETH Tshirt,5.0,Common,378.0,Body
214,0xf09d1acbf092ec47970a2aa9e16bc658b2ecf15e,148366,1,0x6cd33d7653d8bcc657640c7e06be8602bd7b2266,8.99,2021-08-23 01:47:50,ETH Tshirt,5.0,Common,8.99,Body
215,0xf09d1acbf092ec47970a2aa9e16bc658b2ecf15e,148366,1,0x6cd33d7653d8bcc657640c7e06be8602bd7b2266,8.99,2021-08-23 01:47:10,ETH Tshirt,5.0,Common,8.99,Body
216,0x8997ce2ec1867597f1b1927d69ff0ba39ffa9618,143844,1,0x22cab81e0fee2bad5b015dbbeb6a374a1b8738de,10.0,2021-08-23 01:41:59,Pajama Hat,5.0,Common,10.0,Head
217,0x6cd33d7653d8bcc657640c7e06be8602bd7b2266,148849,1,0x8997ce2ec1867597f1b1927d69ff0ba39ffa9618,6.0,2021-08-23 01:41:49,ETH Tshirt,5.0,Common,6.0,Body
218,0x8997ce2ec1867597f1b1927d69ff0ba39ffa9618,146491,1,0x1779b5aa4fb5e471f1356f7a81e67e716bb69512,15.0,2021-08-23 01:39:41,Pitchfork,5.0,Common,15.0,Hand
219,0x830437c8d234c61ae6bffbc11f2b885e6e934554,148359,1,0x3b02692ab73431e2e263421b1b6ecf89cdb6714c,149.0,2021-08-23 00:40:32,Royal Scepter,100.0,Rare,149.0,Hand
220,0x830437c8d234c61ae6bffbc11f2b885e6e934554,148407,1,0x01cbca310c9f65d8877bddf0a70f57e5de294fde,130.0,2021-08-23 00:35:54,Royal Scepter,100.0,Rare,130.0,Hand
221,0xb049df3c39b9726817c23efb6d58b75b83a19389,147018,1,0x6cd33d7653d8bcc657640c7e06be8602bd7b2266,16.0,2021-08-22 23:51:44,Snapshot Shirt,10.0,Uncommon,16.0,Body
222,0xb049df3c39b9726817c23efb6d58b75b83a19389,148811,1,0x75c32299da1395c5ba98c6e213f0deb1320a33cb,87.0,2021-08-22 23:51:22,Snapshot Cap,100.0,Rare,87.0,Head
223,0xb53cf0a586973ab15c0a045990d06b4fa083dd5a,148516,1,0xbe0c04ec30d93fec3384f070ddb0252dde38b4fe,450.0,2021-08-22 22:40:34,Aagent Headset,100.0,Rare,450.0,Face
224,0xdfbe8e94c7eaee64af16f06def86ac862b1b7155,148756,1,0x002d2715b179d0db3e17cc28317a98f2f65e6884,39.0,2021-08-22 22:23:38,Cool shades,5.0,Common,39.0,Eyes
225,0xdfbe8e94c7eaee64af16f06def86ac862b1b7155,148756,1,0x002d2715b179d0db3e17cc28317a98f2f65e6884,39.0,2021-08-22 22:17:20,Cool shades,5.0,Common,39.0,Eyes
226,0xb049df3c39b9726817c23efb6d58b75b83a19389,100299,1,0xc0e5e14bdecd9ed6954a9e14c74e97cebd91bb94,555.0,2021-08-22 20:50:56,Hazmat Suit,300.0,Legendary,555.0,Body
227,0xb049df3c39b9726817c23efb6d58b75b83a19389,100298,1,0xc0e5e14bdecd9ed6954a9e14c74e97cebd91bb94,549.0,2021-08-22 20:48:14,Hazmat Hood,300.0,Legendary,549.0,Head
228,0xb049df3c39b9726817c23efb6d58b75b83a19389,100298,1,0xc0e5e14bdecd9ed6954a9e14c74e97cebd91bb94,549.0,2021-08-22 20:47:06,Hazmat Hood,300.0,Legendary,549.0,Head
229,0x4678cb6580b20bd4340fb5269e91af3e921180d8,148701,1,0xa67868fb4f9828d046490dfc6ffb36a1e7651a55,14.0,2021-08-22 20:44:36,Miner Helmet,10.0,Uncommon,14.0,Head
230,0x4678cb6580b20bd4340fb5269e91af3e921180d8,145929,1,0x5f9ce0c2804af2a678d33e3617ee829c00ef6be0,40.0,2021-08-22 20:43:44,Bitcoin Beanie,10.0,Uncommon,40.0,Head
231,0x47ea0ab486f9d00f16d9f248e3388586e061f7f8,148636,1,0x265b81d155673c607cf86c335ee5779eaee89ff4,550.0,2021-08-22 20:25:45,Blue Hawaiian Shirt,300.0,Legendary,550.0,Body
232,0x47ea0ab486f9d00f16d9f248e3388586e061f7f8,148409,1,0x01cbca310c9f65d8877bddf0a70f57e5de294fde,399.0,2021-08-22 19:53:29,Rare Rofl,100.0,Rare,399.0,Pet
233,0x47ea0ab486f9d00f16d9f248e3388586e061f7f8,148404,1,0x01cbca310c9f65d8877bddf0a70f57e5de294fde,449.0,2021-08-22 19:49:07,Aagent Headset,100.0,Rare,449.0,Face
234,0x2b29518e5ac3eda4cfc138facd6f023bffc5d65a,148727,1,0x1a8d886d3a4a2d2aeb817ebb781f0683351538b1,44.8,2021-08-22 19:32:13,Common Rofl,5.0,Common,44.8,Pet
235,0x4e7bf3694962fc482a16d60fd78f99db9c4c52b0,144188,1,0x83c965874d18b76f4cb93e03e7759f876bccede0,1180.0,2021-08-22 19:29:43,Portal Mage Axe,300.0,Legendary,1180.0,Hand
236,0x2b29518e5ac3eda4cfc138facd6f023bffc5d65a,148258,1,0x1a8d886d3a4a2d2aeb817ebb781f0683351538b1,44.8,2021-08-22 19:26:05,Common Rofl,5.0,Common,44.8,Pet
237,0xe88632728ed377f556cb964e6f670f6017d497e4,147930,1,0xe1dfec1c1213baf331eb586468ebdf6b67f7c332,45.0,2021-08-22 19:25:17,Common Rofl,5.0,Common,45.0,Pet
238,0x4e7bf3694962fc482a16d60fd78f99db9c4c52b0,146409,2,0xedd22868069809f10ced07bf57d833488c3f6ed9,27.99,2021-08-22 19:20:59,Game Controller,10.0,Uncommon,55.98,Hand
239,0xc5592b6e87cd2195bb65a73aaa9f83b158578fa1,145536,1,0xfaf39e9d421db0edb4b2026b4ce7479bf373b79f,37.95,2021-08-22 19:15:47,Apple Juice,10.0,Uncommon,37.95,Hand
240,0xc5592b6e87cd2195bb65a73aaa9f83b158578fa1,146766,1,0xda248cc10b477c1144219183ec87b0621dac37b3,35.0,2021-08-22 19:14:41,Apple Juice,10.0,Uncommon,35.0,Hand
241,0x4e7bf3694962fc482a16d60fd78f99db9c4c52b0,146696,3,0x90b095ed72ce1dd2da4bb689bb1e3588a5d45f7b,29.0,2021-08-22 19:12:31,Apple Juice,10.0,Uncommon,87.0,Hand
242,0xa67868fb4f9828d046490dfc6ffb36a1e7651a55,147550,1,0xa44eea8180ac3f66e7dbeab8d0a15cbf1c90b05f,37.0,2021-08-22 19:12:25,Captain Aave Mask,10.0,Uncommon,37.0,Head
243,0xc5592b6e87cd2195bb65a73aaa9f83b158578fa1,148341,1,0x36376646e7e1bf27729c70a549e99b21a1e39fcd,128.0,2021-08-22 19:12:13,Princess Tiara,100.0,Rare,128.0,Head
244,0x4e7bf3694962fc482a16d60fd78f99db9c4c52b0,148532,1,0x9302861905cc81e8353b1fdf5deeaa9f528f2e74,300.0,2021-08-22 19:11:47,Sushi Knife,100.0,Rare,300.0,Hand
245,0x4e7bf3694962fc482a16d60fd78f99db9c4c52b0,147708,1,0xba181deb98afc2202202c9aebf26b18f46d70497,650.0,2021-08-22 19:10:57,Red Santa Hat,0.0,Rare,650.0,Head
246,0xa67868fb4f9828d046490dfc6ffb36a1e7651a55,148656,1,0xf8c8e966a9a9bf6c353191e3e22588438d99d7ee,13.0,2021-08-22 19:10:41,Miner Helmet,10.0,Uncommon,13.0,Head
247,0x4e7bf3694962fc482a16d60fd78f99db9c4c52b0,148679,1,0xdf14100b76a5b5fd46fba22b7ac124919cffc92a,640.0,2021-08-22 19:10:37,Red Santa Hat,0.0,Rare,640.0,Head
248,0x4e7bf3694962fc482a16d60fd78f99db9c4c52b0,148408,1,0x01cbca310c9f65d8877bddf0a70f57e5de294fde,39.0,2021-08-22 19:10:37,Snow Camo Pants,10.0,Uncommon,39.0,Body
249,0x4e7bf3694962fc482a16d60fd78f99db9c4c52b0,132337,20,0x36fb704c0bb0b3e2db258eeb33fc3757fe92b564,20.0,2021-08-22 19:10:35,Foxy Mask,10.0,Uncommon,400.0,Head
250,0xc5592b6e87cd2195bb65a73aaa9f83b158578fa1,148030,1,0x59e9f8f07f9d339c48c8521af341a1a2337a9e22,19.0,2021-08-22 19:07:51,Polygon Shirt,10.0,Uncommon,19.0,Body
251,0x4e7bf3694962fc482a16d60fd78f99db9c4c52b0,146492,2,0x1779b5aa4fb5e471f1356f7a81e67e716bb69512,35.0,2021-08-22 19:06:51,Bitcoin Beanie,10.0,Uncommon,70.0,Head
252,0x4e7bf3694962fc482a16d60fd78f99db9c4c52b0,148192,5,0x1779b5aa4fb5e471f1356f7a81e67e716bb69512,10.0,2021-08-22 19:06:09,Farmer Jeans,5.0,Common,50.0,Body
253,0x4e7bf3694962fc482a16d60fd78f99db9c4c52b0,148478,2,0x0bcdc503f78bff5dc7b867c6740226d9621117b1,27.0,2021-08-22 19:05:15,Fireball,5.0,Common,54.0,Hand
254,0x4e7bf3694962fc482a16d60fd78f99db9c4c52b0,148648,1,0x002d2715b179d0db3e17cc28317a98f2f65e6884,25.38,2021-08-22 19:01:35,Fireball,5.0,Common,25.38,Hand
255,0x4e7bf3694962fc482a16d60fd78f99db9c4c52b0,148533,1,0x9302861905cc81e8353b1fdf5deeaa9f528f2e74,25.0,2021-08-22 19:00:35,Common Wizard Staff,5.0,Common,25.0,Hand
256,0x4e7bf3694962fc482a16d60fd78f99db9c4c52b0,148191,4,0x1779b5aa4fb5e471f1356f7a81e67e716bb69512,10.0,2021-08-22 18:59:47,Pajama Hat,5.0,Common,40.0,Head
257,0x4e7bf3694962fc482a16d60fd78f99db9c4c52b0,144151,6,0x74144c8d95f2dc082cbfdf1a94b5374452313005,10.5,2021-08-22 18:59:23,Pajama Hat,5.0,Common,63.0,Head
258,0x4e7bf3694962fc482a16d60fd78f99db9c4c52b0,147334,1,0x7b9d3d716e668d2e89e54c59b235a51eaab87efa,50.0,2021-08-22 18:59:01,Wizard Visor,5.0,Common,50.0,Eyes
259,0x4e7bf3694962fc482a16d60fd78f99db9c4c52b0,146663,4,0x90b095ed72ce1dd2da4bb689bb1e3588a5d45f7b,15.0,2021-08-22 18:58:33,Miner Helmet,10.0,Uncommon,60.0,Head
260,0x4e7bf3694962fc482a16d60fd78f99db9c4c52b0,146499,4,0x1779b5aa4fb5e471f1356f7a81e67e716bb69512,15.0,2021-08-22 18:58:01,Miner Helmet,10.0,Uncommon,60.0,Head
261,0x4e7bf3694962fc482a16d60fd78f99db9c4c52b0,148637,1,0x265b81d155673c607cf86c335ee5779eaee89ff4,128.0,2021-08-22 18:57:35,Bedtime Milk,100.0,Rare,128.0,Hand
262,0x4e7bf3694962fc482a16d60fd78f99db9c4c52b0,146693,3,0x90b095ed72ce1dd2da4bb689bb1e3588a5d45f7b,13.0,2021-08-22 18:57:35,Pajama Shirt,10.0,Uncommon,39.0,Body
263,0xf8c8e966a9a9bf6c353191e3e22588438d99d7ee,148650,1,0x352ac32c9663fb7caac363f77b121c34d9acb420,10.0,2021-08-22 18:46:00,Miner Helmet,10.0,Uncommon,10.0,Head
264,0xf8c8e966a9a9bf6c353191e3e22588438d99d7ee,148649,1,0x352ac32c9663fb7caac363f77b121c34d9acb420,10.0,2021-08-22 18:44:30,Rasta Shirt,10.0,Uncommon,10.0,Body
265,0xc5592b6e87cd2195bb65a73aaa9f83b158578fa1,147123,1,0xa53c56ee83b2f0cf3d00b360ff79ead4d7a3a663,44.0,2021-08-22 18:17:00,Captain Aave Shield,10.0,Uncommon,44.0,Hand
266,0xc5592b6e87cd2195bb65a73aaa9f83b158578fa1,146710,1,0x90b095ed72ce1dd2da4bb689bb1e3588a5d45f7b,44.99,2021-08-22 18:17:00,Captain Aave Shield,10.0,Uncommon,44.99,Hand
267,0xc5592b6e87cd2195bb65a73aaa9f83b158578fa1,147569,1,0xaadae1e29d35aff1310144884791af5fabce4d58,35.0,2021-08-22 18:14:47,Captain Aave Suit,10.0,Uncommon,35.0,Body
268,0xc5592b6e87cd2195bb65a73aaa9f83b158578fa1,148405,1,0x01cbca310c9f65d8877bddf0a70f57e5de294fde,30.0,2021-08-22 18:13:07,Captain Aave Mask,10.0,Uncommon,30.0,Head
269,0x39001877121f282464112926294459638214e7bd,148493,1,0x0412f214fa215dda71e1184cad1652884e4b8c57,530.0,2021-08-22 18:08:44,Gentleman Hat,300.0,Legendary,530.0,Head
270,0x39001877121f282464112926294459638214e7bd,148613,1,0x8560f3aa7c2522bfeabca88bb8f5f55efe9611fe,128.0,2021-08-22 17:54:44,Bedtime Milk,100.0,Rare,128.0,Hand
271,0xf09d1acbf092ec47970a2aa9e16bc658b2ecf15e,143203,1,0x907e7fe9303875496ca588a363a2e2684ee65fc7,18.0,2021-08-22 16:58:25,Elf Ears,5.0,Common,18.0,Face
272,0xf09d1acbf092ec47970a2aa9e16bc658b2ecf15e,148468,1,0x0bcdc503f78bff5dc7b867c6740226d9621117b1,16.0,2021-08-22 16:56:17,Elf Ears,5.0,Common,16.0,Face
273,0xf09d1acbf092ec47970a2aa9e16bc658b2ecf15e,147049,10,0x2ba20d24bfdaa13ae921c6194e16ab2d30fdbb53,18.0,2021-08-22 16:55:43,Elf Ears,5.0,Common,180.0,Face
274,0xf09d1acbf092ec47970a2aa9e16bc658b2ecf15e,148468,1,0x0bcdc503f78bff5dc7b867c6740226d9621117b1,16.0,2021-08-22 16:53:55,Elf Ears,5.0,Common,16.0,Face
275,0xcae3a7dda3f0c02f17b2e88240c43c114e8a1097,84261,1,0x172d7a92660006ebecb125c712fa0fe9dd53e106,15.0,2021-08-22 16:47:30,Black Jeans,10.0,Uncommon,15.0,Body
276,0xcae3a7dda3f0c02f17b2e88240c43c114e8a1097,148360,1,0x3b02692ab73431e2e263421b1b6ecf89cdb6714c,20.9,2021-08-22 16:47:10,Tiny Crown,10.0,Uncommon,20.9,Head
277,0xf09d1acbf092ec47970a2aa9e16bc658b2ecf15e,147722,1,0xb53cf0a586973ab15c0a045990d06b4fa083dd5a,42.0,2021-08-22 16:40:56,Cool shades,5.0,Common,42.0,Eyes
278,0xf09d1acbf092ec47970a2aa9e16bc658b2ecf15e,148502,1,0xbb403d793dda52f8512950953771b7c341086120,34.0,2021-08-22 16:38:56,Bitcoin Beanie,10.0,Uncommon,34.0,Head
279,0xf09d1acbf092ec47970a2aa9e16bc658b2ecf15e,148342,1,0x36376646e7e1bf27729c70a549e99b21a1e39fcd,225.0,2021-08-22 16:37:50,DAO Egg,100.0,Rare,225.0,Hand
280,0xae5b56ca47e84b6c749e0454680c4161b9da9790,147632,1,0xb53cf0a586973ab15c0a045990d06b4fa083dd5a,49.0,2021-08-22 16:37:16,Water bottle,10.0,Uncommon,49.0,Hand
281,0xcae3a7dda3f0c02f17b2e88240c43c114e8a1097,142262,1,0x257b5a6b4e777b14b00c31f5e3874a5fa1c4145b,9.98,2021-08-22 16:37:14,32 ETH Coin,5.0,Common,9.98,Hand
282,0xf09d1acbf092ec47970a2aa9e16bc658b2ecf15e,147714,1,0xb53cf0a586973ab15c0a045990d06b4fa083dd5a,198.0,2021-08-22 16:37:06,Jamaican Flag,100.0,Rare,198.0,Hand
283,0xae5b56ca47e84b6c749e0454680c4161b9da9790,148506,1,0x1ecde92e6437babe983b272caf9fdc32285c4f68,440.0,2021-08-22 16:36:54,Track Suit,300.0,Legendary,440.0,Body
284,0xf09d1acbf092ec47970a2aa9e16bc658b2ecf15e,146568,1,0xf7f83e73480afbc76754e52404a10c70ebb62eb4,1170.0,2021-08-22 16:35:40,Portal Mage Axe,300.0,Legendary,1170.0,Hand
285,0xcae3a7dda3f0c02f17b2e88240c43c114e8a1097,146491,1,0x1779b5aa4fb5e471f1356f7a81e67e716bb69512,15.0,2021-08-22 16:34:40,Pitchfork,5.0,Common,15.0,Hand
286,0xcae3a7dda3f0c02f17b2e88240c43c114e8a1097,143027,1,0xf923560ef6d74d310534fb45ae2226a8ea325b03,10.0,2021-08-22 16:27:56,Pajama Hat,5.0,Common,10.0,Head
287,0xb90e06d0e812d9ac7aeab8706c2eb45030b66ccf,148035,1,0x59e9f8f07f9d339c48c8521af341a1a2337a9e22,19.0,2021-08-22 16:14:54,Gemstone Ring,10.0,Uncommon,19.0,Hand
288,0xa44eea8180ac3f66e7dbeab8d0a15cbf1c90b05f,148257,1,0xc6641daf8c5896dc75a6aa845dc3717a738c02d7,100.0,2021-08-22 16:00:22,Imperial Moustache,5.0,Common,100.0,Face
289,0xf48b4c067b4816dbc0a65333e9e81ca6d8a17002,145908,1,0x75c32299da1395c5ba98c6e213f0deb1320a33cb,87.0,2021-08-22 15:49:02,Snapshot Cap,100.0,Rare,87.0,Head
290,0xf48b4c067b4816dbc0a65333e9e81ca6d8a17002,148501,1,0xa5ba6ae9cdf56761be100a33de63363660ef744a,14.99,2021-08-22 15:33:38,Miner Helmet,10.0,Uncommon,14.99,Head
291,0xf48b4c067b4816dbc0a65333e9e81ca6d8a17002,146697,1,0x90b095ed72ce1dd2da4bb689bb1e3588a5d45f7b,14.0,2021-08-22 15:33:38,Track Shorts,10.0,Uncommon,14.0,Body
292,0xf48b4c067b4816dbc0a65333e9e81ca6d8a17002,144637,1,0x1ecde92e6437babe983b272caf9fdc32285c4f68,15.0,2021-08-22 15:33:38,Snapshot Shirt,10.0,Uncommon,15.0,Body
293,0x3ba960aeb77b01476cfef7838b40aa9016b0e3c5,148482,1,0xb2816aaf89d12676494aa0d5da42fdc7ece43956,130.0,2021-08-22 14:48:34,Lil Pump Goatee,10.0,Uncommon,130.0,Face
294,0xf48b4c067b4816dbc0a65333e9e81ca6d8a17002,146338,1,0x18932848b2f9b14b70972a1400133d1ed6342114,110.0,2021-08-22 14:21:17,Eagle Armor,100.0,Rare,110.0,Body
295,0xf48b4c067b4816dbc0a65333e9e81ca6d8a17002,148399,1,0x01cbca310c9f65d8877bddf0a70f57e5de294fde,110.0,2021-08-22 14:20:23,Thaave Helmet,100.0,Rare,110.0,Head
296,0x77cff6cc1fbca8b1125dbc48f2c9967a7cefcfed,146981,1,0x77427023e70cafd983dabaf3488d8d83ecb15b96,25.99,2021-08-22 13:46:50,Gotchi Mug,5.0,Common,25.99,Hand
297,0x77cff6cc1fbca8b1125dbc48f2c9967a7cefcfed,146879,1,0xb53cf0a586973ab15c0a045990d06b4fa083dd5a,22.0,2021-08-22 13:41:09,Aave Hero Mask,5.0,Common,22.0,Face
298,0x77cff6cc1fbca8b1125dbc48f2c9967a7cefcfed,138683,1,0x3c803a58e42d5e78475b185dc9b055df16e86c6e,550.0,2021-08-22 13:36:07,Martini,300.0,Legendary,550.0,Hand
299,0xe24f1714203518c0972f9e81286e273b445980b5,146411,1,0xedd22868069809f10ced07bf57d833488c3f6ed9,8.99,2021-08-22 13:29:20,L2 Sign,5.0,Common,8.99,Hand
300,0xe24f1714203518c0972f9e81286e273b445980b5,148402,1,0x44a496a49f7e3bedf40e5095c26d429b3a75c1f8,8.0,2021-08-22 13:28:02,Aave Hero Shirt,5.0,Common,8.0,Body
301,0x1a8d886d3a4a2d2aeb817ebb781f0683351538b1,148475,2,0x0bcdc503f78bff5dc7b867c6740226d9621117b1,35.0,2021-08-22 11:12:19,Common Rofl,5.0,Common,70.0,Pet
302,0x43ff4c088df0a425d1a519d3030a1a3dfff05cfd,147549,1,0xa44eea8180ac3f66e7dbeab8d0a15cbf1c90b05f,43.0,2021-08-22 09:28:01,Captain Aave Shield,10.0,Uncommon,43.0,Hand
303,0x43ff4c088df0a425d1a519d3030a1a3dfff05cfd,148400,1,0x01cbca310c9f65d8877bddf0a70f57e5de294fde,30.0,2021-08-22 09:27:03,Captain Aave Suit,10.0,Uncommon,30.0,Body
304,0xd461867db90c401944c9f7f90e796bba151236e5,148331,1,0xdf14100b76a5b5fd46fba22b7ac124919cffc92a,5600.0,2021-08-22 07:13:55,VR Headset,2000.0,Mythical,5600.0,Eyes
305,0xcc5a3762616a38a2b9c70b6efa99323fa4ad6ea4,148403,1,0x01cbca310c9f65d8877bddf0a70f57e5de294fde,4500.0,2021-08-22 07:09:47,Lil Pump Threads,2000.0,Mythical,4500.0,Body
306,0xea651e5b72751f1d2e36255f5f59792c84cd856f,148408,1,0x01cbca310c9f65d8877bddf0a70f57e5de294fde,39.0,2021-08-22 06:51:03,Snow Camo Pants,10.0,Uncommon,39.0,Body
307,0xea651e5b72751f1d2e36255f5f59792c84cd856f,148406,1,0x01cbca310c9f65d8877bddf0a70f57e5de294fde,60.0,2021-08-22 06:50:47,M67 Grenade,10.0,Uncommon,60.0,Hand
308,0x830437c8d234c61ae6bffbc11f2b885e6e934554,148020,1,0xc8d5719c0fb726f5425d4d9bf6af5ad7b25fcac6,20.0,2021-08-22 05:12:42,Camo Pants,5.0,Common,20.0,Body
309,0xf2b9ec5724dc97362a53907c0b4cc0aa72369e63,148029,1,0x59e9f8f07f9d339c48c8521af341a1a2337a9e22,130.0,2021-08-22 04:49:22,Uncommon Rofl,10.0,Uncommon,130.0,Pet
310,0xb6a36c05d3b414ce58b570fcad33f47dcc0b7a85,148365,1,0x4572192ed1dee5fd0f8f07269be4ef3e3e270715,45.0,2021-08-22 04:45:08,MK2 Grenade,5.0,Common,45.0,Hand
311,0x6cd33d7653d8bcc657640c7e06be8602bd7b2266,148127,1,0x44a496a49f7e3bedf40e5095c26d429b3a75c1f8,7.5,2021-08-22 04:43:36,Aave Hero Shirt,5.0,Common,7.5,Body
312,0x3b02692ab73431e2e263421b1b6ecf89cdb6714c,146869,1,0x18932848b2f9b14b70972a1400133d1ed6342114,550.0,2021-08-22 04:36:00,Gentleman Hat,300.0,Legendary,550.0,Head
313,0x4572192ed1dee5fd0f8f07269be4ef3e3e270715,145527,1,0xfaf39e9d421db0edb4b2026b4ce7479bf373b79f,73.95,2021-08-22 04:33:52,M67 Grenade,10.0,Uncommon,73.95,Hand
314,0x3b02692ab73431e2e263421b1b6ecf89cdb6714c,148041,1,0x5f9ce0c2804af2a678d33e3617ee829c00ef6be0,500.0,2021-08-22 04:24:30,Martini,300.0,Legendary,500.0,Hand
315,0x3b02692ab73431e2e263421b1b6ecf89cdb6714c,148261,1,0x027b6146248b3a7648e7c7e243bd01e1704bc3ca,20.9,2021-08-22 04:18:28,Tiny Crown,10.0,Uncommon,20.9,Head
316,0x3b02692ab73431e2e263421b1b6ecf89cdb6714c,147926,1,0xe1dfec1c1213baf331eb586468ebdf6b67f7c332,575.0,2021-08-22 04:17:24,Gentleman Coat,300.0,Legendary,575.0,Body
317,0x3b02692ab73431e2e263421b1b6ecf89cdb6714c,145510,1,0xfaf39e9d421db0edb4b2026b4ce7479bf373b79f,545.0,2021-08-22 04:14:06,Day Dress,300.0,Legendary,545.0,Body
318,0xed71d7586839db87ee8d48454969ab8609f24136,147961,1,0x830437c8d234c61ae6bffbc11f2b885e6e934554,8.88,2021-08-22 03:19:02,Farmer Jeans,5.0,Common,8.88,Body
319,0xea651e5b72751f1d2e36255f5f59792c84cd856f,146696,1,0x90b095ed72ce1dd2da4bb689bb1e3588a5d45f7b,29.0,2021-08-22 03:01:36,Apple Juice,10.0,Uncommon,29.0,Hand
320,0xea651e5b72751f1d2e36255f5f59792c84cd856f,100299,1,0xc0e5e14bdecd9ed6954a9e14c74e97cebd91bb94,555.0,2021-08-22 03:01:10,Hazmat Suit,300.0,Legendary,555.0,Body
321,0xea651e5b72751f1d2e36255f5f59792c84cd856f,100298,1,0xc0e5e14bdecd9ed6954a9e14c74e97cebd91bb94,549.0,2021-08-22 03:00:40,Hazmat Hood,300.0,Legendary,549.0,Head
322,0xb049df3c39b9726817c23efb6d58b75b83a19389,147712,1,0xb53cf0a586973ab15c0a045990d06b4fa083dd5a,144.0,2021-08-22 03:00:18,Thaave Suit,100.0,Rare,144.0,Body
323,0xb049df3c39b9726817c23efb6d58b75b83a19389,147108,1,0x6cd33d7653d8bcc657640c7e06be8602bd7b2266,9.0,2021-08-22 02:40:22,ETH Tshirt,5.0,Common,9.0,Body
324,0xb049df3c39b9726817c23efb6d58b75b83a19389,148016,1,0xc8d5719c0fb726f5425d4d9bf6af5ad7b25fcac6,10.0,2021-08-22 02:38:06,Aave Plush,5.0,Common,10.0,Hand
325,0xb049df3c39b9726817c23efb6d58b75b83a19389,147546,1,0xa44eea8180ac3f66e7dbeab8d0a15cbf1c90b05f,21.0,2021-08-22 02:37:46,Aave Hero Mask,5.0,Common,21.0,Face
326,0xb049df3c39b9726817c23efb6d58b75b83a19389,139196,1,0x0628ff854c191d4b80d2f07b3f1a39d878cd2e3a,95.0,2021-08-22 02:28:02,Marine Cap,100.0,Rare,95.0,Head
327,0xb049df3c39b9726817c23efb6d58b75b83a19389,147738,1,0x002d2715b179d0db3e17cc28317a98f2f65e6884,114.0,2021-08-22 02:18:56,Marine Jacket,100.0,Rare,114.0,Body
328,0xb049df3c39b9726817c23efb6d58b75b83a19389,145527,1,0xfaf39e9d421db0edb4b2026b4ce7479bf373b79f,73.95,2021-08-22 02:15:42,M67 Grenade,10.0,Uncommon,73.95,Hand
329,0xb049df3c39b9726817c23efb6d58b75b83a19389,147697,1,0x07a009e9e98649bff954cf3032ceb3e21e020f49,34.0,2021-08-22 02:14:58,Snow Camo Pants,10.0,Uncommon,34.0,Body
330,0xf667db9883f7bcad47c56e25816460811f59912f,148250,1,0xc6641daf8c5896dc75a6aa845dc3717a738c02d7,10.0,2021-08-22 02:13:42,ETH Logo Glasses,5.0,Common,10.0,Eyes
331,0xf667db9883f7bcad47c56e25816460811f59912f,148252,1,0xc6641daf8c5896dc75a6aa845dc3717a738c02d7,8.0,2021-08-22 02:12:14,32 ETH Coin,5.0,Common,8.0,Hand
332,0xf232f353a6ce3f053a4ab7fea778bce460ef45a0,147889,1,0xb6a36c05d3b414ce58b570fcad33f47dcc0b7a85,8.88,2021-08-22 02:08:42,L2 Sign,5.0,Common,8.88,Hand
333,0xf232f353a6ce3f053a4ab7fea778bce460ef45a0,148035,2,0x59e9f8f07f9d339c48c8521af341a1a2337a9e22,19.0,2021-08-22 01:25:37,Gemstone Ring,10.0,Uncommon,38.0,Hand
334,0xf232f353a6ce3f053a4ab7fea778bce460ef45a0,148240,1,0x36376646e7e1bf27729c70a549e99b21a1e39fcd,125.0,2021-08-22 00:55:15,Princess Tiara,100.0,Rare,125.0,Head
335,0xee5cda91e4ddcde24d44dafd74bed4ba068f8ac2,145905,1,0xb6a36c05d3b414ce58b570fcad33f47dcc0b7a85,18.9,2021-08-21 23:51:39,Rasta Hat,10.0,Uncommon,18.9,Head
336,0xee5cda91e4ddcde24d44dafd74bed4ba068f8ac2,148190,1,0x1779b5aa4fb5e471f1356f7a81e67e716bb69512,15.0,2021-08-21 23:50:43,Rasta Shirt,10.0,Uncommon,15.0,Body
337,0xee5cda91e4ddcde24d44dafd74bed4ba068f8ac2,148032,3,0x59e9f8f07f9d339c48c8521af341a1a2337a9e22,16.0,2021-08-21 23:45:25,Elf Ears,5.0,Common,48.0,Face
338,0x8997ce2ec1867597f1b1927d69ff0ba39ffa9618,148249,1,0xc6641daf8c5896dc75a6aa845dc3717a738c02d7,7.0,2021-08-21 23:44:57,ETH Tshirt,5.0,Common,7.0,Body
339,0xb049df3c39b9726817c23efb6d58b75b83a19389,147237,1,0xfde0690222d27da2677873a801c79241d6ad626c,450.0,2021-08-21 23:06:13,Aagent Headset,100.0,Rare,450.0,Face
340,0x1a8d886d3a4a2d2aeb817ebb781f0683351538b1,148254,1,0xc6641daf8c5896dc75a6aa845dc3717a738c02d7,35.0,2021-08-21 23:01:25,Common Rofl,5.0,Common,35.0,Pet
341,0xb049df3c39b9726817c23efb6d58b75b83a19389,147769,1,0x99f63103c109dbce7a45e111da8cf2c8c86cf6c1,83.0,2021-08-21 23:01:07,Aagent Shirt,100.0,Rare,83.0,Body
342,0x2fd3105b8011c442a22466db389fc527667d2ac4,147725,1,0xb53cf0a586973ab15c0a045990d06b4fa083dd5a,9.0,2021-08-21 20:37:21,Aave Plush,5.0,Common,9.0,Hand
343,0xb049df3c39b9726817c23efb6d58b75b83a19389,145955,1,0xa55f8afe2cf8ca418f025ba6d3f9f658a878ced0,230.0,2021-08-21 20:28:01,Aagent Pistol,100.0,Rare,230.0,Hand
344,0xb049df3c39b9726817c23efb6d58b75b83a19389,148162,1,0x5f2b6648a7b62bea1b4bc31edc318365fa7bb0ff,239.9,2021-08-21 20:27:09,Walkie Talkie,100.0,Rare,239.9,Hand
345,0xea651e5b72751f1d2e36255f5f59792c84cd856f,148127,1,0x44a496a49f7e3bedf40e5095c26d429b3a75c1f8,7.5,2021-08-21 18:52:21,Aave Hero Shirt,5.0,Common,7.5,Body
346,0xea651e5b72751f1d2e36255f5f59792c84cd856f,148128,1,0x44a496a49f7e3bedf40e5095c26d429b3a75c1f8,20.0,2021-08-21 18:52:13,Common Wizard Hat,5.0,Common,20.0,Head
347,0xea651e5b72751f1d2e36255f5f59792c84cd856f,148089,1,0x027b6146248b3a7648e7c7e243bd01e1704bc3ca,19.9,2021-08-21 18:48:33,Tiny Crown,10.0,Uncommon,19.9,Head
348,0xea651e5b72751f1d2e36255f5f59792c84cd856f,148002,1,0x0a9a893ed9e173b3298c8022e959ec6691673145,19.0,2021-08-21 18:47:37,Trezor Wallet,10.0,Uncommon,19.0,Hand
349,0xea651e5b72751f1d2e36255f5f59792c84cd856f,146408,1,0xedd22868069809f10ced07bf57d833488c3f6ed9,13.99,2021-08-21 18:45:15,Track Shorts,10.0,Uncommon,13.99,Body
350,0x7e4724c60718a9f87ce51bcf8812bf90d0b7b9db,145068,1,0xd99ab8ec724407f94b494bf92b009b57b92f849b,105.0,2021-08-21 18:23:03,Imperial Moustache,5.0,Common,105.0,Face
351,0x7e4724c60718a9f87ce51bcf8812bf90d0b7b9db,140805,1,0x4678cb6580b20bd4340fb5269e91af3e921180d8,69.0,2021-08-21 18:22:25,Imperial Moustache,5.0,Common,69.0,Face
352,0x7e4724c60718a9f87ce51bcf8812bf90d0b7b9db,141103,1,0xaec7d9e4216758e88b926695df4a6d47abccc0ef,68.0,2021-08-21 18:21:15,Imperial Moustache,5.0,Common,68.0,Face
353,0x7e4724c60718a9f87ce51bcf8812bf90d0b7b9db,145537,1,0x8af4277c5e84158494e2ee4cdef463f87abdae4c,60.0,2021-08-21 18:20:37,Imperial Moustache,5.0,Common,60.0,Face
354,0x7e4724c60718a9f87ce51bcf8812bf90d0b7b9db,140829,1,0x77427023e70cafd983dabaf3488d8d83ecb15b96,51.9,2021-08-21 18:17:29,Imperial Moustache,5.0,Common,51.9,Face
355,0x7e4724c60718a9f87ce51bcf8812bf90d0b7b9db,76270,1,0xd944bd4e1150b76fb8a6cbcce3a06ff02145a846,50.0,2021-08-21 18:17:11,Imperial Moustache,5.0,Common,50.0,Face
356,0x7e4724c60718a9f87ce51bcf8812bf90d0b7b9db,143709,1,0x0bcdc503f78bff5dc7b867c6740226d9621117b1,50.0,2021-08-21 18:16:53,Imperial Moustache,5.0,Common,50.0,Face
357,0x7e4724c60718a9f87ce51bcf8812bf90d0b7b9db,143709,1,0x0bcdc503f78bff5dc7b867c6740226d9621117b1,50.0,2021-08-21 18:10:41,Imperial Moustache,5.0,Common,50.0,Face
358,0x7e4724c60718a9f87ce51bcf8812bf90d0b7b9db,141902,9,0x1315b9510cd7f75a63bb59ba7d9d1fad083d0667,49.0,2021-08-21 18:10:11,Imperial Moustache,5.0,Common,441.0,Face
359,0x7e4724c60718a9f87ce51bcf8812bf90d0b7b9db,147964,1,0x2f3045ce8f70757e5cbad58215134aedaf2e4ca4,45.0,2021-08-21 18:09:47,Imperial Moustache,5.0,Common,45.0,Face
360,0x0a097a28a9ecdef27380bed164eedca0561accfd,147881,1,0x265b81d155673c607cf86c335ee5779eaee89ff4,27.0,2021-08-21 17:47:17,Fireball,5.0,Common,27.0,Hand
361,0x0a097a28a9ecdef27380bed164eedca0561accfd,147881,1,0x265b81d155673c607cf86c335ee5779eaee89ff4,27.0,2021-08-21 17:44:29,Fireball,5.0,Common,27.0,Hand
362,0x4e7bf3694962fc482a16d60fd78f99db9c4c52b0,148065,1,0xd32f222283d295f93664b11faac967e6826b635f,915.0,2021-08-21 17:40:01,Portal Mage Helmet,300.0,Legendary,915.0,Head
363,0x830437c8d234c61ae6bffbc11f2b885e6e934554,147847,1,0x44a496a49f7e3bedf40e5095c26d429b3a75c1f8,20.0,2021-08-21 17:18:33,Tiny Crown,10.0,Uncommon,20.0,Head
364,0x8560f3aa7c2522bfeabca88bb8f5f55efe9611fe,148034,1,0x59e9f8f07f9d339c48c8521af341a1a2337a9e22,12.0,2021-08-21 17:08:41,Snapshot Shirt,10.0,Uncommon,12.0,Body
365,0x830437c8d234c61ae6bffbc11f2b885e6e934554,147966,1,0x2f3045ce8f70757e5cbad58215134aedaf2e4ca4,18.0,2021-08-21 17:07:45,Tiny Crown,10.0,Uncommon,18.0,Head
366,0xf815a566e42b0d8ddd5d77f91409a7d9ceb10b92,147713,1,0xb53cf0a586973ab15c0a045990d06b4fa083dd5a,123.0,2021-08-21 17:06:13,Thaave Helmet,100.0,Rare,123.0,Head
367,0xf815a566e42b0d8ddd5d77f91409a7d9ceb10b92,147956,1,0x7c8263e38a6c0168015169a6b6f86eef1f271d71,125.0,2021-08-21 17:05:57,Thaave Suit,100.0,Rare,125.0,Body
368,0xd32f222283d295f93664b11faac967e6826b635f,148055,1,0xbf2a422a204a9b84842e9d63d43d38cf6931ba55,160.0,2021-08-21 17:04:51,Pickaxe,100.0,Rare,160.0,Hand
369,0x60c4ae0ee854a20ea7796a9678090767679b30fc,148039,1,0x0a097a28a9ecdef27380bed164eedca0561accfd,26.0,2021-08-21 16:53:26,Fireball,5.0,Common,26.0,Hand
370,0x6cd33d7653d8bcc657640c7e06be8602bd7b2266,148034,1,0x59e9f8f07f9d339c48c8521af341a1a2337a9e22,12.0,2021-08-21 16:43:22,Snapshot Shirt,10.0,Uncommon,12.0,Body
371,0x677975399cbd8aa7bd17a4b87c04ed07a85978d4,143088,1,0xffea5a2cfaf1aafbb87a1fe4eed5413da45c30a0,11.44,2021-08-21 16:42:22,ETH Logo Glasses,5.0,Common,11.44,Eyes
372,0x677975399cbd8aa7bd17a4b87c04ed07a85978d4,147415,1,0x6cd33d7653d8bcc657640c7e06be8602bd7b2266,20.0,2021-08-21 16:39:38,Foxy Mask,10.0,Uncommon,20.0,Head
373,0x677975399cbd8aa7bd17a4b87c04ed07a85978d4,147963,1,0x2f3045ce8f70757e5cbad58215134aedaf2e4ca4,40.0,2021-08-21 16:39:00,Common Rofl,5.0,Common,40.0,Pet
374,0xd32f222283d295f93664b11faac967e6826b635f,148057,1,0xbf2a422a204a9b84842e9d63d43d38cf6931ba55,800.0,2021-08-21 16:38:30,Portal Mage Helmet,300.0,Legendary,800.0,Head
375,0x621e61b2d326fc976007f89c4180aa4bdd8952ab,148060,1,0x7057038824ea4c3e709236cd27e93e1530419ba6,14.0,2021-08-21 16:37:56,Miner Jeans,10.0,Uncommon,14.0,Body
376,0xb006350d11a637378aab6a785a2fbc0ee3469f93,147874,1,0x830437c8d234c61ae6bffbc11f2b885e6e934554,89.5,2021-08-21 15:11:46,Aagent Fedora Hat,100.0,Rare,89.5,Head
377,0xf667db9883f7bcad47c56e25816460811f59912f,147803,1,0x44a496a49f7e3bedf40e5095c26d429b3a75c1f8,13.0,2021-08-21 14:01:21,Miner Jeans,10.0,Uncommon,13.0,Body
378,0xf667db9883f7bcad47c56e25816460811f59912f,146693,1,0x90b095ed72ce1dd2da4bb689bb1e3588a5d45f7b,13.0,2021-08-21 13:59:19,Pajama Shirt,10.0,Uncommon,13.0,Body
379,0xf667db9883f7bcad47c56e25816460811f59912f,147860,1,0xf85e13c32734ea54ec31be5c9b3e6ed0ae40cbad,7.0,2021-08-21 13:43:39,Aave Hero Shirt,5.0,Common,7.0,Body
380,0xffea5a2cfaf1aafbb87a1fe4eed5413da45c30a0,127816,1,0x33caf1e780fc8a92247f42a220caeafde3b5d553,15.0,2021-08-21 13:43:09,Black Jeans,10.0,Uncommon,15.0,Body
381,0x10b989914a478ed7de2d2c4cc4e835bbd3de229b,146741,1,0xd461867db90c401944c9f7f90e796bba151236e5,5600.0,2021-08-21 12:55:33,Monocle,2000.0,Mythical,5600.0,Eyes
382,0x352ac32c9663fb7caac363f77b121c34d9acb420,146499,1,0x1779b5aa4fb5e471f1356f7a81e67e716bb69512,15.0,2021-08-21 12:23:21,Miner Helmet,10.0,Uncommon,15.0,Head
383,0xd7d49f4abeeb66202b76509d29303e7a5df08285,147683,1,0x44a496a49f7e3bedf40e5095c26d429b3a75c1f8,17.77,2021-08-21 12:18:41,Snow Camo Hat,10.0,Uncommon,17.77,Head
384,0x352ac32c9663fb7caac363f77b121c34d9acb420,147696,1,0x44a496a49f7e3bedf40e5095c26d429b3a75c1f8,15.0,2021-08-21 12:17:37,Rasta Shirt,10.0,Uncommon,15.0,Body
385,0xd7d49f4abeeb66202b76509d29303e7a5df08285,147502,1,0x265b81d155673c607cf86c335ee5779eaee89ff4,27.0,2021-08-21 12:16:39,Apple Juice,10.0,Uncommon,27.0,Hand
386,0x352ac32c9663fb7caac363f77b121c34d9acb420,147916,1,0xbf2a422a204a9b84842e9d63d43d38cf6931ba55,15.0,2021-08-21 12:11:39,Black Jeans,10.0,Uncommon,15.0,Body
387,0x8560f3aa7c2522bfeabca88bb8f5f55efe9611fe,147920,1,0xbf2a422a204a9b84842e9d63d43d38cf6931ba55,25.0,2021-08-21 09:43:57,Water bottle,10.0,Uncommon,25.0,Hand
388,0x4678cb6580b20bd4340fb5269e91af3e921180d8,147717,1,0xb53cf0a586973ab15c0a045990d06b4fa083dd5a,27.0,2021-08-21 09:29:29,Common Wizard Staff,5.0,Common,27.0,Hand
389,0xcc84cc9462e4f1f45597c584123ee31cd7e5864b,147863,1,0x56e4df267b3a1bec0cb7c4960fa297686f359214,25.0,2021-08-21 08:28:39,Fireball,5.0,Common,25.0,Hand
390,0x830437c8d234c61ae6bffbc11f2b885e6e934554,147209,1,0x4572192ed1dee5fd0f8f07269be4ef3e3e270715,40.0,2021-08-21 08:25:07,MK2 Grenade,5.0,Common,40.0,Hand
391,0x830437c8d234c61ae6bffbc11f2b885e6e934554,147705,1,0x44a496a49f7e3bedf40e5095c26d429b3a75c1f8,38.0,2021-08-21 08:25:05,MK2 Grenade,5.0,Common,38.0,Hand
392,0x10b385eb6c517943da02e58a76c97b5a16e1c31d,147859,1,0xf85e13c32734ea54ec31be5c9b3e6ed0ae40cbad,7.0,2021-08-21 08:22:19,Aave Plush,5.0,Common,7.0,Hand
393,0x830437c8d234c61ae6bffbc11f2b885e6e934554,122175,1,0x88a1303994f0c906d8c0ee9c72fe17f627ed9f48,80.0,2021-08-21 08:21:33,Aagent Fedora Hat,100.0,Rare,80.0,Head
394,0x8560f3aa7c2522bfeabca88bb8f5f55efe9611fe,147797,1,0x44a496a49f7e3bedf40e5095c26d429b3a75c1f8,6.5,2021-08-21 07:51:57,Aave Hero Shirt,5.0,Common,6.5,Body
395,0x636db7553dfb9c87dce1a5edf117edcaff1b650a,147817,1,0x8560f3aa7c2522bfeabca88bb8f5f55efe9611fe,128.0,2021-08-21 07:46:47,Bedtime Milk,100.0,Rare,128.0,Hand
396,0xa7f1c77998bae58614be010ad2a806639e280056,143712,1,0x0bcdc503f78bff5dc7b867c6740226d9621117b1,8.5,2021-08-21 07:19:06,L2 Sign,5.0,Common,8.5,Hand
397,0xa7f1c77998bae58614be010ad2a806639e280056,147693,1,0x44a496a49f7e3bedf40e5095c26d429b3a75c1f8,8.0,2021-08-21 07:18:18,32 ETH Coin,5.0,Common,8.0,Hand
398,0xa7f1c77998bae58614be010ad2a806639e280056,147797,1,0x44a496a49f7e3bedf40e5095c26d429b3a75c1f8,6.5,2021-08-21 07:17:32,Aave Hero Shirt,5.0,Common,6.5,Body
399,0x636db7553dfb9c87dce1a5edf117edcaff1b650a,147775,1,0x262944448ec574dd5f82136964bbf189cc1ab579,139.0,2021-08-21 05:43:13,Coconut,100.0,Rare,139.0,Hand
400,0x636db7553dfb9c87dce1a5edf117edcaff1b650a,146471,1,0x67ac4bbe7071b63cf1627c4cd56c9c3f15a9f758,27.0,2021-08-21 05:35:39,Game Controller,10.0,Uncommon,27.0,Hand
401,0x636db7553dfb9c87dce1a5edf117edcaff1b650a,146491,1,0x1779b5aa4fb5e471f1356f7a81e67e716bb69512,15.0,2021-08-21 05:34:29,Pitchfork,5.0,Common,15.0,Hand
402,0x636db7553dfb9c87dce1a5edf117edcaff1b650a,147725,1,0xb53cf0a586973ab15c0a045990d06b4fa083dd5a,9.0,2021-08-21 05:32:59,Aave Plush,5.0,Common,9.0,Hand
403,0x636db7553dfb9c87dce1a5edf117edcaff1b650a,143712,1,0x0bcdc503f78bff5dc7b867c6740226d9621117b1,8.5,2021-08-21 05:32:45,L2 Sign,5.0,Common,8.5,Hand
404,0x26b350f462ae30ec1c48c36ba944ab66f06dafee,147677,1,0xb6a36c05d3b414ce58b570fcad33f47dcc0b7a85,8.48,2021-08-21 04:11:04,L2 Sign,5.0,Common,8.48,Hand
405,0x26b350f462ae30ec1c48c36ba944ab66f06dafee,147428,1,0x3742f0fd8fce40411c450e74d270d4d5faaf92fd,19.99,2021-08-21 04:10:40,Trezor Wallet,10.0,Uncommon,19.99,Hand
406,0x26b350f462ae30ec1c48c36ba944ab66f06dafee,139479,1,0x4a73a4cb2794962cc908068b3ff6b50edd5081b9,18.0,2021-08-21 04:09:17,Elf Ears,5.0,Common,18.0,Face
407,0x26b350f462ae30ec1c48c36ba944ab66f06dafee,143088,1,0xffea5a2cfaf1aafbb87a1fe4eed5413da45c30a0,11.44,2021-08-21 04:08:05,ETH Logo Glasses,5.0,Common,11.44,Eyes
408,0x26b350f462ae30ec1c48c36ba944ab66f06dafee,145315,1,0x8b9f39b3c76aab744bcee37cc56782bac8eb5ffb,10.0,2021-08-21 04:07:17,Aave Plush,5.0,Common,10.0,Hand
409,0x26b350f462ae30ec1c48c36ba944ab66f06dafee,143038,1,0x830437c8d234c61ae6bffbc11f2b885e6e934554,9.99,2021-08-21 04:06:39,Pajama Hat,5.0,Common,9.99,Head
410,0x26b350f462ae30ec1c48c36ba944ab66f06dafee,147681,1,0x44a496a49f7e3bedf40e5095c26d429b3a75c1f8,8.0,2021-08-21 04:06:03,Aave Hero Shirt,5.0,Common,8.0,Body
411,0x262944448ec574dd5f82136964bbf189cc1ab579,147486,1,0x05a8d92eed013f79a16acb1a984d250cace10660,125.0,2021-08-21 03:53:33,Skateboard,100.0,Rare,125.0,Hand
412,0x51f5a4ae44e90c1212c29927216296f29151f4d8,141382,1,0xfa3d39d93f1b33aa715ab1846b25bcf762136507,500.0,2021-08-21 03:12:43,Link White Hat,300.0,Legendary,500.0,Head
413,0x51f5a4ae44e90c1212c29927216296f29151f4d8,147423,1,0x77427023e70cafd983dabaf3488d8d83ecb15b96,734.0,2021-08-21 02:35:51,Water Jug,300.0,Legendary,734.0,Hand
414,0xffea5a2cfaf1aafbb87a1fe4eed5413da45c30a0,135992,1,0xdbca6155c197bd64feb008d82e95c9c7b58f67e6,90.0,2021-08-21 02:28:25,Polygon Cap,100.0,Rare,90.0,Head
415,0xffea5a2cfaf1aafbb87a1fe4eed5413da45c30a0,146492,1,0x1779b5aa4fb5e471f1356f7a81e67e716bb69512,35.0,2021-08-21 01:28:46,Bitcoin Beanie,10.0,Uncommon,35.0,Head
416,0x8b9f39b3c76aab744bcee37cc56782bac8eb5ffb,147548,1,0xa44eea8180ac3f66e7dbeab8d0a15cbf1c90b05f,25.0,2021-08-20 23:40:52,Gotchi Mug,5.0,Common,25.0,Hand
417,0x8b9f39b3c76aab744bcee37cc56782bac8eb5ffb,146950,1,0xd32f222283d295f93664b11faac967e6826b635f,40.0,2021-08-20 23:38:40,Cool shades,5.0,Common,40.0,Eyes
418,0x8b9f39b3c76aab744bcee37cc56782bac8eb5ffb,131384,1,0x8cb65e1432ea5bed94c207c97c42ac9cb54bf12b,90.0,2021-08-20 23:38:18,Polygon Cap,100.0,Rare,90.0,Head
419,0xb6a36c05d3b414ce58b570fcad33f47dcc0b7a85,147576,1,0x44a496a49f7e3bedf40e5095c26d429b3a75c1f8,8.0,2021-08-20 23:10:29,Aave Hero Shirt,5.0,Common,8.0,Body
420,0x9b81fcdb243ff7137afcb77209d1d4be9dc3a6b2,147505,1,0x265b81d155673c607cf86c335ee5779eaee89ff4,11.0,2021-08-20 22:57:37,Pajama Shirt,10.0,Uncommon,11.0,Body
421,0x9b81fcdb243ff7137afcb77209d1d4be9dc3a6b2,147431,1,0x3e0a5fde01ab05186f7808b3ae0cfdbcf844d3ae,9.99,2021-08-20 22:56:35,Aave Plush,5.0,Common,9.99,Hand
422,0x9b81fcdb243ff7137afcb77209d1d4be9dc3a6b2,142262,1,0x257b5a6b4e777b14b00c31f5e3874a5fa1c4145b,9.98,2021-08-20 22:56:35,32 ETH Coin,5.0,Common,9.98,Hand
423,0x9b81fcdb243ff7137afcb77209d1d4be9dc3a6b2,143338,1,0xd5378ddf3c3740b3ad2b3f62ec8f3446b9a47746,9.0,2021-08-20 22:53:49,Pajama Hat,5.0,Common,9.0,Head
424,0x9b81fcdb243ff7137afcb77209d1d4be9dc3a6b2,132339,1,0x36fb704c0bb0b3e2db258eeb33fc3757fe92b564,9.0,2021-08-20 22:53:33,ETH Tshirt,5.0,Common,9.0,Body
425,0x9b81fcdb243ff7137afcb77209d1d4be9dc3a6b2,147649,1,0xb6a36c05d3b414ce58b570fcad33f47dcc0b7a85,8.45,2021-08-20 22:53:25,L2 Sign,5.0,Common,8.45,Hand
426,0x9b81fcdb243ff7137afcb77209d1d4be9dc3a6b2,147128,1,0x830437c8d234c61ae6bffbc11f2b885e6e934554,8.9,2021-08-20 22:53:25,Farmer Jeans,5.0,Common,8.9,Body
427,0x9b81fcdb243ff7137afcb77209d1d4be9dc3a6b2,147576,1,0x44a496a49f7e3bedf40e5095c26d429b3a75c1f8,8.0,2021-08-20 22:52:37,Aave Hero Shirt,5.0,Common,8.0,Body
428,0xb53cf0a586973ab15c0a045990d06b4fa083dd5a,147267,1,0xbb403d793dda52f8512950953771b7c341086120,447.5,2021-08-20 22:33:00,Aagent Headset,100.0,Rare,447.5,Face
429,0x830437c8d234c61ae6bffbc11f2b885e6e934554,147178,1,0x9ee5b84e7a50855fd171c5fb551d2840cfbd6c57,19.0,2021-08-20 22:25:08,Vote Sign,5.0,Common,19.0,Hand
430,0xb53cf0a586973ab15c0a045990d06b4fa083dd5a,144402,1,0xbe0c04ec30d93fec3384f070ddb0252dde38b4fe,80.0,2021-08-20 22:05:57,Aagent Shirt,100.0,Rare,80.0,Body
431,0xb53cf0a586973ab15c0a045990d06b4fa083dd5a,146584,1,0x72c74e48bd7d4e28def498a5dfa737ff33cb5317,79.0,2021-08-20 22:03:43,Aagent Fedora Hat,100.0,Rare,79.0,Head
432,0xb53cf0a586973ab15c0a045990d06b4fa083dd5a,145327,1,0xf84835af6a324f73c9102a889513b56de36fb43a,79.0,2021-08-20 22:01:53,Aagent Fedora Hat,100.0,Rare,79.0,Head
433,0xb53cf0a586973ab15c0a045990d06b4fa083dd5a,147236,1,0xfde0690222d27da2677873a801c79241d6ad626c,250.0,2021-08-20 21:53:23,Aagent Shades,100.0,Rare,250.0,Eyes
434,0xb53cf0a586973ab15c0a045990d06b4fa083dd5a,147265,1,0xbb403d793dda52f8512950953771b7c341086120,247.5,2021-08-20 21:52:07,Aagent Shades,100.0,Rare,247.5,Eyes
435,0xb53cf0a586973ab15c0a045990d06b4fa083dd5a,143919,1,0xbe0c04ec30d93fec3384f070ddb0252dde38b4fe,215.0,2021-08-20 21:49:43,Aagent Pistol,100.0,Rare,215.0,Hand
436,0xb53cf0a586973ab15c0a045990d06b4fa083dd5a,145155,1,0xc4e239684ba898c98a69cd1f0a49d4fb8a187cf7,213.0,2021-08-20 21:49:11,Aagent Pistol,100.0,Rare,213.0,Hand
437,0xb53cf0a586973ab15c0a045990d06b4fa083dd5a,147476,1,0x57da0931065a6315d6721c2e597ee5120594c90c,212.0,2021-08-20 21:46:43,Aagent Pistol,100.0,Rare,212.0,Hand
438,0xb53cf0a586973ab15c0a045990d06b4fa083dd5a,147570,1,0x7e4724c60718a9f87ce51bcf8812bf90d0b7b9db,420.0,2021-08-20 21:45:29,Aagent Headset,100.0,Rare,420.0,Face
439,0x677975399cbd8aa7bd17a4b87c04ed07a85978d4,147293,1,0xa671b4566810f22cc67ff7c52e6f7c0959880af8,90.0,2021-08-20 21:37:13,Foxy Tail,10.0,Uncommon,90.0,Pet
440,0x677975399cbd8aa7bd17a4b87c04ed07a85978d4,138296,1,0x865373527b2fe07888bd1aae1afbd183a7cc3f31,19.0,2021-08-20 21:33:41,Foxy Mask,10.0,Uncommon,19.0,Head
441,0x677975399cbd8aa7bd17a4b87c04ed07a85978d4,138095,1,0x07a009e9e98649bff954cf3032ceb3e21e020f49,19.0,2021-08-20 21:33:19,Foxy Mask,10.0,Uncommon,19.0,Head
442,0xfd41bef1fd45d7db65fb8f4cd3804e4c8daff6b9,147506,1,0x265b81d155673c607cf86c335ee5779eaee89ff4,7.0,2021-08-20 21:19:36,Pajama Hat,5.0,Common,7.0,Head
443,0xfd41bef1fd45d7db65fb8f4cd3804e4c8daff6b9,144841,1,0x4117f0db169b126a44fca628de4223c264ad6f19,18.85,2021-08-20 21:16:18,Steampunk Trousers,10.0,Uncommon,18.85,Body
444,0x18932848b2f9b14b70972a1400133d1ed6342114,147605,1,0xd9d54f0f67fde251ab41ffb36579f308b592d905,600.0,2021-08-20 21:08:36,Marc Hair,300.0,Legendary,600.0,Head
445,0xbcef8f991c4734565cf3b0ad910a2fe77d06afe4,144969,1,0x01cbca310c9f65d8877bddf0a70f57e5de294fde,20.0,2021-08-20 20:41:56,Polygon Shirt,10.0,Uncommon,20.0,Body
446,0xbcef8f991c4734565cf3b0ad910a2fe77d06afe4,143664,1,0xfaf39e9d421db0edb4b2026b4ce7479bf373b79f,18.95,2021-08-20 20:41:36,Snow Camo Hat,10.0,Uncommon,18.95,Head
447,0xbcef8f991c4734565cf3b0ad910a2fe77d06afe4,146425,1,0x9bde27f18ca5e70157a0c05391ed9f430a900762,35.0,2021-08-20 20:41:04,Snow Camo Pants,10.0,Uncommon,35.0,Body
448,0xae5b56ca47e84b6c749e0454680c4161b9da9790,147502,1,0x265b81d155673c607cf86c335ee5779eaee89ff4,27.0,2021-08-20 19:49:46,Apple Juice,10.0,Uncommon,27.0,Hand
449,0x3c2262255793f2b4629f7b9a2d57ce78f7842a8d,132105,1,0x70a8c4e53a9078049ca1b2cee477436c8eb61b2d,579.9,2021-08-20 18:46:47,Royal Crown,300.0,Legendary,579.9,Head
450,0x4e7bf3694962fc482a16d60fd78f99db9c4c52b0,147375,1,0x63350b1649c34d3135cef63b9d1369f8bb66bab3,1100.0,2021-08-20 18:43:41,Portal Mage Axe,300.0,Legendary,1100.0,Hand
451,0xee63d9ca6ecaa334ba0c3311b3dbd5de0132ba4c,147514,1,0x18932848b2f9b14b70972a1400133d1ed6342114,534.99,2021-08-20 18:22:25,Witchy Hat,300.0,Legendary,534.99,Head
452,0xae5b56ca47e84b6c749e0454680c4161b9da9790,147342,1,0x771eb3aa45dfa4db5cb9a4c45765cf2cfac1d373,499.0,2021-08-20 18:20:33,Hazmat Suit,300.0,Legendary,499.0,Body
453,0xae5b56ca47e84b6c749e0454680c4161b9da9790,144539,1,0x3a1107791c06c8ef185b67bb4d7d0293b6f18e8e,495.0,2021-08-20 18:20:25,Hazmat Hood,300.0,Legendary,495.0,Head
454,0x74144c8d95f2dc082cbfdf1a94b5374452313005,146226,1,0x034961ef5fd3f25dbb91440ad3ce0a119e875847,1680.0,2021-08-20 18:12:13,Ape Mask,300.0,Legendary,1680.0,Head
455,0xffea5a2cfaf1aafbb87a1fe4eed5413da45c30a0,145532,1,0xfaf39e9d421db0edb4b2026b4ce7479bf373b79f,14.95,2021-08-20 17:44:03,Black Jeans,10.0,Uncommon,14.95,Body
456,0x47ea0ab486f9d00f16d9f248e3388586e061f7f8,144588,1,0x817887f7537ca8ae5409cb68c23242ee66a71557,699.0,2021-08-20 17:33:49,Mechanical Claw,300.0,Legendary,699.0,Hand
457,0xee63d9ca6ecaa334ba0c3311b3dbd5de0132ba4c,147213,1,0x44a496a49f7e3bedf40e5095c26d429b3a75c1f8,7.5,2021-08-20 17:06:33,Aave Hero Shirt,5.0,Common,7.5,Body
458,0xffea5a2cfaf1aafbb87a1fe4eed5413da45c30a0,147238,1,0x8560f3aa7c2522bfeabca88bb8f5f55efe9611fe,15.5,2021-08-20 17:02:23,Miner Jeans,10.0,Uncommon,15.5,Body
459,0xd32f222283d295f93664b11faac967e6826b635f,147443,1,0x74144c8d95f2dc082cbfdf1a94b5374452313005,450.0,2021-08-20 16:45:13,Blue Hawaiian Shirt,300.0,Legendary,450.0,Body
460,0x4e7bf3694962fc482a16d60fd78f99db9c4c52b0,146820,1,0x18932848b2f9b14b70972a1400133d1ed6342114,544.99,2021-08-20 16:36:17,Witchy Hat,300.0,Legendary,544.99,Head
461,0x4e7bf3694962fc482a16d60fd78f99db9c4c52b0,147421,1,0x77427023e70cafd983dabaf3488d8d83ecb15b96,534.0,2021-08-20 16:35:47,Witchy Hat,300.0,Legendary,534.0,Head
462,0x830437c8d234c61ae6bffbc11f2b885e6e934554,146753,1,0x36376646e7e1bf27729c70a549e99b21a1e39fcd,110.0,2021-08-20 15:29:22,Princess Tiara,100.0,Rare,110.0,Head
463,0x74144c8d95f2dc082cbfdf1a94b5374452313005,146062,1,0x1ecde92e6437babe983b272caf9fdc32285c4f68,1450.0,2021-08-20 15:28:14,Ape Mask,300.0,Legendary,1450.0,Head
464,0x830437c8d234c61ae6bffbc11f2b885e6e934554,146753,1,0x36376646e7e1bf27729c70a549e99b21a1e39fcd,110.0,2021-08-20 15:21:36,Princess Tiara,100.0,Rare,110.0,Head
465,0x8d84655346b3d05a670f78e8fc094f729cc8a682,147291,1,0xa671b4566810f22cc67ff7c52e6f7c0959880af8,21.0,2021-08-20 14:51:58,Aave Hero Mask,5.0,Common,21.0,Face
466,0x10b989914a478ed7de2d2c4cc4e835bbd3de229b,147370,1,0xa499df2bdae854093e5576c26c9e53e1b30d25e5,4800.0,2021-08-20 14:28:54,Lil Pump Threads,2000.0,Mythical,4800.0,Body
467,0xf2b9ec5724dc97362a53907c0b4cc0aa72369e63,145886,1,0x830437c8d234c61ae6bffbc11f2b885e6e934554,187.2,2021-08-20 14:10:13,Sushi Bandana,100.0,Rare,187.2,Head
468,0xf2b9ec5724dc97362a53907c0b4cc0aa72369e63,147357,1,0xf24e72b1feacf7cb65bb7eb8ce0fd0a3c8aa2bef,145.0,2021-08-20 14:04:35,Sushi Coat,100.0,Rare,145.0,Body
469,0xf2b9ec5724dc97362a53907c0b4cc0aa72369e63,147358,1,0x36b08dba9335dd28c444b63ebff12fcf014007fe,144.5,2021-08-20 14:01:59,Sushi Coat,100.0,Rare,144.5,Body
470,0xf2b9ec5724dc97362a53907c0b4cc0aa72369e63,147290,1,0xa671b4566810f22cc67ff7c52e6f7c0959880af8,690.0,2021-08-20 13:59:48,Sushi Piece,300.0,Legendary,690.0,Hand
471,0xa44eea8180ac3f66e7dbeab8d0a15cbf1c90b05f,145507,1,0xfaf39e9d421db0edb4b2026b4ce7479bf373b79f,133.95,2021-08-20 13:46:39,Uncommon Rofl,10.0,Uncommon,133.95,Pet
472,0xa44eea8180ac3f66e7dbeab8d0a15cbf1c90b05f,146004,1,0xdf14100b76a5b5fd46fba22b7ac124919cffc92a,130.0,2021-08-20 13:46:11,Uncommon Rofl,10.0,Uncommon,130.0,Pet
473,0x262944448ec574dd5f82136964bbf189cc1ab579,147333,1,0x7b9d3d716e668d2e89e54c59b235a51eaab87efa,120.0,2021-08-20 13:04:42,Coconut,100.0,Rare,120.0,Hand
474,0x73b46a49e5f92480710b07be849500b772b6a995,139196,1,0x0628ff854c191d4b80d2f07b3f1a39d878cd2e3a,95.0,2021-08-20 12:41:15,Marine Cap,100.0,Rare,95.0,Head
475,0x73b46a49e5f92480710b07be849500b772b6a995,147301,1,0x5f2b6648a7b62bea1b4bc31edc318365fa7bb0ff,114.0,2021-08-20 12:40:37,Marine Jacket,100.0,Rare,114.0,Body
476,0x73b46a49e5f92480710b07be849500b772b6a995,147281,1,0x262944448ec574dd5f82136964bbf189cc1ab579,220.0,2021-08-20 12:40:13,Walkie Talkie,100.0,Rare,220.0,Hand
477,0x10b989914a478ed7de2d2c4cc4e835bbd3de229b,147350,1,0xa499df2bdae854093e5576c26c9e53e1b30d25e5,6000.0,2021-08-20 12:37:15,Xibot Mohawk,2000.0,Mythical,6000.0,Head
478,0xdfbe8e94c7eaee64af16f06def86ac862b1b7155,143197,1,0x907e7fe9303875496ca588a363a2e2684ee65fc7,500.0,2021-08-20 12:35:53,Pillbox Hat,300.0,Legendary,500.0,Head
479,0xdd74a5f502167c1bdd88968d058834170175277b,144556,1,0x43ff4c088df0a425d1a519d3030a1a3dfff05cfd,20.0,2021-08-20 12:29:21,Gemstone Ring,10.0,Uncommon,20.0,Hand
480,0xdd74a5f502167c1bdd88968d058834170175277b,139479,1,0x4a73a4cb2794962cc908068b3ff6b50edd5081b9,18.0,2021-08-20 12:27:59,Elf Ears,5.0,Common,18.0,Face
481,0xdd74a5f502167c1bdd88968d058834170175277b,144752,1,0x0553de51e7fa7658f0517e573d79eebbb59852f2,14.98,2021-08-20 12:26:31,Miner Helmet,10.0,Uncommon,14.98,Head
482,0xdd74a5f502167c1bdd88968d058834170175277b,147314,1,0x36b08dba9335dd28c444b63ebff12fcf014007fe,19.95,2021-08-20 12:23:55,Gemstone Ring,10.0,Uncommon,19.95,Hand
483,0xdd74a5f502167c1bdd88968d058834170175277b,147213,1,0x44a496a49f7e3bedf40e5095c26d429b3a75c1f8,7.5,2021-08-20 12:22:49,Aave Hero Shirt,5.0,Common,7.5,Body
484,0x36fe914c22a25c71044a427a44760b8ece2f98d6,142262,1,0x257b5a6b4e777b14b00c31f5e3874a5fa1c4145b,9.98,2021-08-20 10:48:00,32 ETH Coin,5.0,Common,9.98,Hand
485,0x36fe914c22a25c71044a427a44760b8ece2f98d6,145315,1,0x8b9f39b3c76aab744bcee37cc56782bac8eb5ffb,10.0,2021-08-20 10:46:56,Aave Plush,5.0,Common,10.0,Hand
486,0x36fe914c22a25c71044a427a44760b8ece2f98d6,146709,1,0x90b095ed72ce1dd2da4bb689bb1e3588a5d45f7b,19.99,2021-08-20 10:37:18,Trezor Wallet,10.0,Uncommon,19.99,Hand
487,0x36fe914c22a25c71044a427a44760b8ece2f98d6,147073,1,0x36b08dba9335dd28c444b63ebff12fcf014007fe,19.95,2021-08-20 10:36:44,Gemstone Ring,10.0,Uncommon,19.95,Hand
488,0x47ea0ab486f9d00f16d9f248e3388586e061f7f8,143888,1,0xd5378ddf3c3740b3ad2b3f62ec8f3446b9a47746,17.0,2021-08-20 07:36:50,Elf Ears,5.0,Common,17.0,Face
489,0x47ea0ab486f9d00f16d9f248e3388586e061f7f8,146867,1,0xb53cf0a586973ab15c0a045990d06b4fa083dd5a,575.0,2021-08-20 07:09:15,Gentleman Coat,300.0,Legendary,575.0,Body
490,0x47ea0ab486f9d00f16d9f248e3388586e061f7f8,100300,1,0xc0e5e14bdecd9ed6954a9e14c74e97cebd91bb94,488.0,2021-08-20 07:07:21,Track Suit,300.0,Legendary,488.0,Body
491,0x9ff84b91998df96a6587db8dde8d4e47518107d6,147226,1,0x944b0105c36689dd38e27d564287e6962ac65dab,4000.0,2021-08-20 05:48:30,Xibot Mohawk,2000.0,Mythical,4000.0,Head
492,0x60c4ae0ee854a20ea7796a9678090767679b30fc,146481,2,0xffea5a2cfaf1aafbb87a1fe4eed5413da45c30a0,8.88,2021-08-20 04:58:58,32 ETH Coin,5.0,Common,17.76,Hand
493,0x60c4ae0ee854a20ea7796a9678090767679b30fc,147202,2,0x44a496a49f7e3bedf40e5095c26d429b3a75c1f8,8.0,2021-08-20 04:58:30,32 ETH Coin,5.0,Common,16.0,Hand
494,0x60c4ae0ee854a20ea7796a9678090767679b30fc,147181,1,0x44a496a49f7e3bedf40e5095c26d429b3a75c1f8,7.0,2021-08-20 04:56:50,Aave Hero Shirt,5.0,Common,7.0,Body
495,0x4572192ed1dee5fd0f8f07269be4ef3e3e270715,58250,1,0x945370b14f7dd2e1f537e4030dd0b74936c2a935,15.0,2021-08-20 04:47:06,Camo Pants,5.0,Common,15.0,Body
496,0x4572192ed1dee5fd0f8f07269be4ef3e3e270715,88074,1,0xfd41bef1fd45d7db65fb8f4cd3804e4c8daff6b9,14.99,2021-08-20 04:46:54,Camo Pants,5.0,Common,14.99,Body
497,0x4572192ed1dee5fd0f8f07269be4ef3e3e270715,54552,3,0xf2c06f90fb58844c09220e01e3116a2293df6960,12.0,2021-08-20 04:46:34,Camo Pants,5.0,Common,36.0,Body
498,0xea651e5b72751f1d2e36255f5f59792c84cd856f,147178,1,0x9ee5b84e7a50855fd171c5fb551d2840cfbd6c57,19.0,2021-08-20 04:34:30,Vote Sign,5.0,Common,19.0,Hand
499,0xea651e5b72751f1d2e36255f5f59792c84cd856f,146703,1,0x90b095ed72ce1dd2da4bb689bb1e3588a5d45f7b,18.0,2021-08-20 04:34:04,Foxy Mask,10.0,Uncommon,18.0,Head
500,0xea651e5b72751f1d2e36255f5f59792c84cd856f,132339,1,0x36fb704c0bb0b3e2db258eeb33fc3757fe92b564,9.0,2021-08-20 04:33:38,ETH Tshirt,5.0,Common,9.0,Body
501,0xea651e5b72751f1d2e36255f5f59792c84cd856f,146163,1,0xbb403d793dda52f8512950953771b7c341086120,14.5,2021-08-20 04:33:16,Black Jeans,10.0,Uncommon,14.5,Body
502,0x6519e6117480d140cd7d33163ac30fd01812f34a,147181,1,0x44a496a49f7e3bedf40e5095c26d429b3a75c1f8,7.0,2021-08-20 04:31:32,Aave Hero Shirt,5.0,Common,7.0,Body
503,0xea651e5b72751f1d2e36255f5f59792c84cd856f,143009,1,0xf923560ef6d74d310534fb45ae2226a8ea325b03,190.0,2021-08-20 04:16:27,Jamaican Flag,100.0,Rare,190.0,Hand
504,0x4572192ed1dee5fd0f8f07269be4ef3e3e270715,54554,1,0xf2c06f90fb58844c09220e01e3116a2293df6960,11.0,2021-08-20 04:15:51,Camo Hat,5.0,Common,11.0,Head
505,0x4572192ed1dee5fd0f8f07269be4ef3e3e270715,54554,1,0xf2c06f90fb58844c09220e01e3116a2293df6960,11.0,2021-08-20 04:06:39,Camo Hat,5.0,Common,11.0,Head
506,0x72db34299d4bb489993a49822708ce692cca3eb2,145088,1,0xfde0690222d27da2677873a801c79241d6ad626c,210.0,2021-08-20 04:06:39,Aagent Pistol,100.0,Rare,210.0,Hand
507,0x4572192ed1dee5fd0f8f07269be4ef3e3e270715,92507,7,0x243cebb2fccae390639f2b454e4886dcfae7deee,10.0,2021-08-20 04:04:37,Camo Hat,5.0,Common,70.0,Head
508,0x439966c8314bbaa4b0441c1a6063d9321c94b1b2,146491,1,0x1779b5aa4fb5e471f1356f7a81e67e716bb69512,15.0,2021-08-20 03:49:29,Pitchfork,5.0,Common,15.0,Hand
509,0xb049df3c39b9726817c23efb6d58b75b83a19389,54552,1,0xf2c06f90fb58844c09220e01e3116a2293df6960,12.0,2021-08-20 03:39:49,Camo Pants,5.0,Common,12.0,Body
510,0xb049df3c39b9726817c23efb6d58b75b83a19389,92507,2,0x243cebb2fccae390639f2b454e4886dcfae7deee,10.0,2021-08-20 03:39:19,Camo Hat,5.0,Common,20.0,Head
511,0x6cd33d7653d8bcc657640c7e06be8602bd7b2266,145916,1,0xbf15754dc61f5e552a5c5a51e6b571d567798650,16.0,2021-08-20 03:14:14,Foxy Mask,10.0,Uncommon,16.0,Head
512,0x439966c8314bbaa4b0441c1a6063d9321c94b1b2,146583,1,0x72c74e48bd7d4e28def498a5dfa737ff33cb5317,200.0,2021-08-20 03:06:38,Aagent Pistol,100.0,Rare,200.0,Hand
513,0x6cd33d7653d8bcc657640c7e06be8602bd7b2266,146333,1,0x0ef9b392016a03de9ec7aa1b3d77fb8b09c7c5aa,14.0,2021-08-20 03:05:12,Black Jeans,10.0,Uncommon,14.0,Body
514,0x6cd33d7653d8bcc657640c7e06be8602bd7b2266,146694,3,0x90b095ed72ce1dd2da4bb689bb1e3588a5d45f7b,12.0,2021-08-20 03:03:12,Black Jeans,10.0,Uncommon,36.0,Body
515,0x830437c8d234c61ae6bffbc11f2b885e6e934554,142862,1,0xf92d260a93785defae5ab49ab62c97b691bc6ff8,8.0,2021-08-20 02:58:32,Farmer Jeans,5.0,Common,8.0,Body
516,0x56babdca2fba5c5832a02f282816f82aff785c44,147082,1,0x830437c8d234c61ae6bffbc11f2b885e6e934554,8.45,2021-08-20 02:46:04,L2 Sign,5.0,Common,8.45,Hand
517,0xa53c56ee83b2f0cf3d00b360ff79ead4d7a3a663,144868,1,0x01cbca310c9f65d8877bddf0a70f57e5de294fde,40.0,2021-08-20 02:04:20,Captain Aave Shield,10.0,Uncommon,40.0,Hand
518,0x6cd33d7653d8bcc657640c7e06be8602bd7b2266,146695,2,0x90b095ed72ce1dd2da4bb689bb1e3588a5d45f7b,7.0,2021-08-20 01:03:36,ETH Tshirt,5.0,Common,14.0,Body
519,0x6cd33d7653d8bcc657640c7e06be8602bd7b2266,83432,1,0xd29edf0877c42ded575136e3d2104f9f5ecb7e44,10.0,2021-08-20 01:02:16,Aave Hero Shirt,5.0,Common,10.0,Body
520,0x6cd33d7653d8bcc657640c7e06be8602bd7b2266,143011,1,0xf923560ef6d74d310534fb45ae2226a8ea325b03,10.0,2021-08-20 01:01:20,Aave Hero Shirt,5.0,Common,10.0,Body
521,0x6cd33d7653d8bcc657640c7e06be8602bd7b2266,139083,1,0xaec7d9e4216758e88b926695df4a6d47abccc0ef,10.0,2021-08-20 01:00:02,Aave Hero Shirt,5.0,Common,10.0,Body
522,0x6cd33d7653d8bcc657640c7e06be8602bd7b2266,135575,1,0x36613eab0ed4c9d0f5abf7f8cfea819f84b9610c,10.0,2021-08-20 00:58:20,Aave Hero Shirt,5.0,Common,10.0,Body
523,0x6cd33d7653d8bcc657640c7e06be8602bd7b2266,135708,1,0x6fb4becf05497b79f0fcf61cfa5075efaa137ddf,9.87654321,2021-08-20 00:56:40,Aave Hero Shirt,5.0,Common,9.87654321,Body
524,0xc8d5719c0fb726f5425d4d9bf6af5ad7b25fcac6,147048,11,0x2ba20d24bfdaa13ae921c6194e16ab2d30fdbb53,18.0,2021-08-20 00:34:18,Vote Sign,5.0,Common,198.0,Hand
525,0x830437c8d234c61ae6bffbc11f2b885e6e934554,142572,1,0x002d2715b179d0db3e17cc28317a98f2f65e6884,8.0,2021-08-19 23:51:12,L2 Sign,5.0,Common,8.0,Hand
526,0x830437c8d234c61ae6bffbc11f2b885e6e934554,145604,1,0xb2816aaf89d12676494aa0d5da42fdc7ece43956,7.0,2021-08-19 23:50:42,L2 Sign,5.0,Common,7.0,Hand
527,0xcc84cc9462e4f1f45597c584123ee31cd7e5864b,144959,1,0x01cbca310c9f65d8877bddf0a70f57e5de294fde,7.0,2021-08-19 23:49:34,L2 Sign,5.0,Common,7.0,Hand
528,0xb6a36c05d3b414ce58b570fcad33f47dcc0b7a85,144959,1,0x01cbca310c9f65d8877bddf0a70f57e5de294fde,7.0,2021-08-19 23:48:56,L2 Sign,5.0,Common,7.0,Hand
529,0xb6a36c05d3b414ce58b570fcad33f47dcc0b7a85,145531,1,0xfaf39e9d421db0edb4b2026b4ce7479bf373b79f,6.95,2021-08-19 23:47:08,L2 Sign,5.0,Common,6.95,Hand
530,0x5551fa79f15ca4592a3950372fd3d4ee8be7b5cc,146252,1,0x002d2715b179d0db3e17cc28317a98f2f65e6884,46.99,2021-08-19 23:17:00,Common Rofl,5.0,Common,46.99,Pet
531,0x5551fa79f15ca4592a3950372fd3d4ee8be7b5cc,146172,1,0x36b08dba9335dd28c444b63ebff12fcf014007fe,19.95,2021-08-19 23:16:44,Gemstone Ring,10.0,Uncommon,19.95,Hand
532,0x5551fa79f15ca4592a3950372fd3d4ee8be7b5cc,146800,1,0x3b02692ab73431e2e263421b1b6ecf89cdb6714c,24.99,2021-08-19 23:16:22,Big GHST Token,5.0,Common,24.99,Hand
533,0x5551fa79f15ca4592a3950372fd3d4ee8be7b5cc,146777,1,0xaba3abe71987030782b3312f23ca0f199791a748,15.0,2021-08-19 23:15:48,Elf Ears,5.0,Common,15.0,Face
534,0x10b989914a478ed7de2d2c4cc4e835bbd3de229b,147061,1,0xebd54fd116d961c3bb9fb0999c1223066aabae6c,3500.0,2021-08-19 22:59:14,Princess Hair,2000.0,Mythical,3500.0,Head
535,0x6cd33d7653d8bcc657640c7e06be8602bd7b2266,146522,1,0x8d84655346b3d05a670f78e8fc094f729cc8a682,9.0,2021-08-19 21:05:36,Aave Hero Shirt,5.0,Common,9.0,Body
536,0x6cd33d7653d8bcc657640c7e06be8602bd7b2266,146639,1,0x2dc8c2ec64a5dff670bc4ad3ab2ca6cf0b09a13e,15.0,2021-08-19 21:02:46,Foxy Mask,10.0,Uncommon,15.0,Head
537,0x6cd33d7653d8bcc657640c7e06be8602bd7b2266,144912,1,0x01cbca310c9f65d8877bddf0a70f57e5de294fde,13.0,2021-08-19 20:59:02,Snapshot Shirt,10.0,Uncommon,13.0,Body
538,0x47ea0ab486f9d00f16d9f248e3388586e061f7f8,146708,1,0x90b095ed72ce1dd2da4bb689bb1e3588a5d45f7b,39.0,2021-08-19 20:16:58,Cool shades,5.0,Common,39.0,Eyes
539,0x47ea0ab486f9d00f16d9f248e3388586e061f7f8,141477,1,0xaba3abe71987030782b3312f23ca0f199791a748,555.0,2021-08-19 20:03:56,Royal Crown,300.0,Legendary,555.0,Head
540,0xc8d5719c0fb726f5425d4d9bf6af5ad7b25fcac6,72809,1,0x69d5f8e1c2b8982a17f893f2658f3adb6a14929b,18.0,2021-08-19 18:22:18,Vote Sign,5.0,Common,18.0,Hand
541,0xc8d5719c0fb726f5425d4d9bf6af5ad7b25fcac6,77631,1,0x3e86eac93a2dbb4faeb8709d77d451aeda710ef9,15.0,2021-08-19 18:22:04,Vote Sign,5.0,Common,15.0,Hand
542,0xc8d5719c0fb726f5425d4d9bf6af5ad7b25fcac6,126752,1,0x549e38b0aec4af720f2a655edfa07b8bc5294a70,11.0,2021-08-19 18:21:46,Vote Sign,5.0,Common,11.0,Hand
543,0xc8d5719c0fb726f5425d4d9bf6af5ad7b25fcac6,89854,5,0xfd7dc8e5e533e2416040715f5a28ed8fe63a3780,10.0,2021-08-19 18:21:20,Vote Sign,5.0,Common,50.0,Hand
544,0xc8d5719c0fb726f5425d4d9bf6af5ad7b25fcac6,82797,3,0x9c996920777a695f04df15b49bb81f442ac75df5,10.0,2021-08-19 18:21:00,Vote Sign,5.0,Common,30.0,Hand
545,0xc8d5719c0fb726f5425d4d9bf6af5ad7b25fcac6,82187,1,0xcbcdca647cfda9283992193604f8718a910b42fc,10.0,2021-08-19 18:20:32,Vote Sign,5.0,Common,10.0,Hand
546,0xc8d5719c0fb726f5425d4d9bf6af5ad7b25fcac6,79324,1,0xfce34de84d16850dc312905f664f8dcbcae24fb0,10.0,2021-08-19 18:20:06,Vote Sign,5.0,Common,10.0,Hand
547,0xc8d5719c0fb726f5425d4d9bf6af5ad7b25fcac6,77312,1,0xe4957d0691f3aaeb414c693c1e8acde0bf4a22c3,10.0,2021-08-19 18:19:50,Vote Sign,5.0,Common,10.0,Hand
548,0xc8d5719c0fb726f5425d4d9bf6af5ad7b25fcac6,74249,1,0x9f7900f6ec6e725b35411428a60b90489f740d29,10.0,2021-08-19 18:19:26,Vote Sign,5.0,Common,10.0,Hand
549,0xc8d5719c0fb726f5425d4d9bf6af5ad7b25fcac6,143002,1,0xf923560ef6d74d310534fb45ae2226a8ea325b03,10.0,2021-08-19 18:19:08,Vote Sign,5.0,Common,10.0,Hand
550,0xc8d5719c0fb726f5425d4d9bf6af5ad7b25fcac6,139933,1,0xba21325681ffd7d623993a2a564f6390654e2948,10.0,2021-08-19 18:18:36,Vote Sign,5.0,Common,10.0,Hand
551,0xc8d5719c0fb726f5425d4d9bf6af5ad7b25fcac6,121399,1,0x77427023e70cafd983dabaf3488d8d83ecb15b96,9.99,2021-08-19 18:18:16,Vote Sign,5.0,Common,9.99,Hand
552,0xc8d5719c0fb726f5425d4d9bf6af5ad7b25fcac6,83000,1,0x90bb6df38b9bf66cfcb71f20dbb992de10e5b6ea,9.0,2021-08-19 18:18:02,Vote Sign,5.0,Common,9.0,Hand
553,0xc8d5719c0fb726f5425d4d9bf6af5ad7b25fcac6,78038,1,0xd410bb23c80fbeb13189c0a29598b385751c8965,9.0,2021-08-19 18:17:36,Vote Sign,5.0,Common,9.0,Hand
554,0xc8d5719c0fb726f5425d4d9bf6af5ad7b25fcac6,139678,2,0x830437c8d234c61ae6bffbc11f2b885e6e934554,8.95,2021-08-19 18:17:18,Vote Sign,5.0,Common,17.9,Hand
555,0xc8d5719c0fb726f5425d4d9bf6af5ad7b25fcac6,137430,1,0xcc84cc9462e4f1f45597c584123ee31cd7e5864b,8.9,2021-08-19 18:16:32,Vote Sign,5.0,Common,8.9,Hand
556,0xc8d5719c0fb726f5425d4d9bf6af5ad7b25fcac6,137458,1,0xa67868fb4f9828d046490dfc6ffb36a1e7651a55,8.89,2021-08-19 18:16:02,Vote Sign,5.0,Common,8.89,Hand
557,0xc8d5719c0fb726f5425d4d9bf6af5ad7b25fcac6,141035,6,0x9d84050b9474ad7a84bc84bdba13fcf1520dc676,8.0,2021-08-19 18:15:38,Vote Sign,5.0,Common,48.0,Hand
558,0xc8d5719c0fb726f5425d4d9bf6af5ad7b25fcac6,141032,2,0x5a873fdd909cdaf2d1f7a74f08e574ec8a5eb294,8.0,2021-08-19 18:15:02,Vote Sign,5.0,Common,16.0,Hand
559,0xc8d5719c0fb726f5425d4d9bf6af5ad7b25fcac6,143558,1,0xcfedaa82ad243029dd9bec45de9e3f2b14f91bf0,7.98,2021-08-19 18:14:44,Vote Sign,5.0,Common,7.98,Hand
560,0xc8d5719c0fb726f5425d4d9bf6af5ad7b25fcac6,143716,2,0x0bcdc503f78bff5dc7b867c6740226d9621117b1,7.5,2021-08-19 18:14:14,Vote Sign,5.0,Common,15.0,Hand
561,0xc8d5719c0fb726f5425d4d9bf6af5ad7b25fcac6,144966,2,0x01cbca310c9f65d8877bddf0a70f57e5de294fde,7.0,2021-08-19 18:13:54,Vote Sign,5.0,Common,14.0,Hand
562,0xc8d5719c0fb726f5425d4d9bf6af5ad7b25fcac6,146470,1,0xb6a36c05d3b414ce58b570fcad33f47dcc0b7a85,6.9,2021-08-19 18:13:22,Vote Sign,5.0,Common,6.9,Hand
563,0xc8d5719c0fb726f5425d4d9bf6af5ad7b25fcac6,127554,1,0xdb965bbad97d0784afc22a5d82a24c5478faf7f4,10.0,2021-08-19 18:13:12,Aave Hero Shirt,5.0,Common,10.0,Body
564,0xc8d5719c0fb726f5425d4d9bf6af5ad7b25fcac6,124699,1,0xd1bd938d5d25ad815a7e869b4d55e20ab8697925,10.0,2021-08-19 18:13:12,Aave Hero Shirt,5.0,Common,10.0,Body
565,0xc8d5719c0fb726f5425d4d9bf6af5ad7b25fcac6,92507,1,0x243cebb2fccae390639f2b454e4886dcfae7deee,10.0,2021-08-19 18:13:10,Camo Hat,5.0,Common,10.0,Head
566,0x47ea0ab486f9d00f16d9f248e3388586e061f7f8,146806,1,0xfbf9f4db8db1386464aef8d09bccfc26979aff46,450.0,2021-08-19 18:13:02,Baby Bottle,300.0,Legendary,450.0,Hand
567,0xc8d5719c0fb726f5425d4d9bf6af5ad7b25fcac6,92507,1,0x243cebb2fccae390639f2b454e4886dcfae7deee,10.0,2021-08-19 18:07:50,Camo Hat,5.0,Common,10.0,Head
568,0xc8d5719c0fb726f5425d4d9bf6af5ad7b25fcac6,108043,1,0x8886dca35291f05ed5d8e21f083998ea8dceb50f,10.0,2021-08-19 18:06:54,32 ETH Coin,5.0,Common,10.0,Hand
569,0xc8d5719c0fb726f5425d4d9bf6af5ad7b25fcac6,146724,1,0x10b385eb6c517943da02e58a76c97b5a16e1c31d,9.99,2021-08-19 18:06:24,Aave Plush,5.0,Common,9.99,Hand
570,0xc8d5719c0fb726f5425d4d9bf6af5ad7b25fcac6,145009,1,0x10b385eb6c517943da02e58a76c97b5a16e1c31d,9.99,2021-08-19 18:06:04,32 ETH Coin,5.0,Common,9.99,Hand
571,0xc8d5719c0fb726f5425d4d9bf6af5ad7b25fcac6,146725,1,0x10b385eb6c517943da02e58a76c97b5a16e1c31d,9.99,2021-08-19 18:05:44,Camo Pants,5.0,Common,9.99,Body
572,0xc8d5719c0fb726f5425d4d9bf6af5ad7b25fcac6,146801,1,0x3b02692ab73431e2e263421b1b6ecf89cdb6714c,8.99,2021-08-19 18:04:20,Aave Hero Shirt,5.0,Common,8.99,Body
573,0x1c4ce1c0912784fe53b25d5cbbe015c0acf63af3,146694,1,0x90b095ed72ce1dd2da4bb689bb1e3588a5d45f7b,12.0,2021-08-19 17:56:42,Black Jeans,10.0,Uncommon,12.0,Body
574,0x56babdca2fba5c5832a02f282816f82aff785c44,145505,1,0xfaf39e9d421db0edb4b2026b4ce7479bf373b79f,33.95,2021-08-19 17:55:57,Fireball,5.0,Common,33.95,Hand
575,0x6519e6117480d140cd7d33163ac30fd01812f34a,144927,1,0x01cbca310c9f65d8877bddf0a70f57e5de294fde,8.0,2021-08-19 17:13:52,32 ETH Coin,5.0,Common,8.0,Hand
576,0x6519e6117480d140cd7d33163ac30fd01812f34a,146652,1,0x2f3045ce8f70757e5cbad58215134aedaf2e4ca4,6.5,2021-08-19 17:11:24,L2 Sign,5.0,Common,6.5,Hand
577,0x830437c8d234c61ae6bffbc11f2b885e6e934554,146877,1,0xb53cf0a586973ab15c0a045990d06b4fa083dd5a,145.0,2021-08-19 16:00:48,Wine,100.0,Rare,145.0,Hand
578,0x830437c8d234c61ae6bffbc11f2b885e6e934554,146677,1,0x90b095ed72ce1dd2da4bb689bb1e3588a5d45f7b,149.0,2021-08-19 16:00:32,Wine,100.0,Rare,149.0,Hand
579,0xacba84f681250a027686b85fb4903f9f1c9caef3,146824,1,0x18932848b2f9b14b70972a1400133d1ed6342114,26.99,2021-08-19 15:52:48,Game Controller,10.0,Uncommon,26.99,Hand
580,0xacba84f681250a027686b85fb4903f9f1c9caef3,146636,1,0x2dc8c2ec64a5dff670bc4ad3ab2ca6cf0b09a13e,33.0,2021-08-19 15:41:28,Snow Camo Pants,10.0,Uncommon,33.0,Body
581,0xacba84f681250a027686b85fb4903f9f1c9caef3,144963,1,0x01cbca310c9f65d8877bddf0a70f57e5de294fde,17.0,2021-08-19 15:40:38,Snow Camo Hat,10.0,Uncommon,17.0,Head
582,0xacba84f681250a027686b85fb4903f9f1c9caef3,146421,1,0x9bde27f18ca5e70157a0c05391ed9f430a900762,62.0,2021-08-19 15:38:44,M67 Grenade,10.0,Uncommon,62.0,Hand
583,0xf09d1acbf092ec47970a2aa9e16bc658b2ecf15e,143610,1,0x026ad6ecd5124809d5f3b393f6a94ac195ca55b9,960.0,2021-08-19 15:13:11,Gold Necklace,300.0,Legendary,960.0,Body
584,0xf09d1acbf092ec47970a2aa9e16bc658b2ecf15e,141606,1,0xd9d54f0f67fde251ab41ffb36579f308b592d905,900.0,2021-08-19 15:12:33,Gold Necklace,300.0,Legendary,900.0,Body
585,0xf09d1acbf092ec47970a2aa9e16bc658b2ecf15e,146783,1,0xacba84f681250a027686b85fb4903f9f1c9caef3,890.0,2021-08-19 15:12:01,Gold Necklace,300.0,Legendary,890.0,Body
586,0xe2ed8448c47b00d505abbdee375c346b4c40d09b,136961,1,0x944b0105c36689dd38e27d564287e6962ac65dab,7900.0,2021-08-19 14:35:21,Mudgen Diamond,2000.0,Mythical,7900.0,Hand
587,0xe2ed8448c47b00d505abbdee375c346b4c40d09b,146742,1,0x18932848b2f9b14b70972a1400133d1ed6342114,550.0,2021-08-19 14:04:36,Gentleman Hat,300.0,Legendary,550.0,Head
588,0xe2ed8448c47b00d505abbdee375c346b4c40d09b,146000,1,0xdf14100b76a5b5fd46fba22b7ac124919cffc92a,520.0,2021-08-19 13:57:43,Gentleman Coat,300.0,Legendary,520.0,Body
589,0xe2ed8448c47b00d505abbdee375c346b4c40d09b,141902,1,0x1315b9510cd7f75a63bb59ba7d9d1fad083d0667,49.0,2021-08-19 13:56:53,Imperial Moustache,5.0,Common,49.0,Face
590,0x8b9f39b3c76aab744bcee37cc56782bac8eb5ffb,145928,1,0x5f9ce0c2804af2a678d33e3617ee829c00ef6be0,35.0,2021-08-19 13:02:40,Cool shades,5.0,Common,35.0,Eyes
591,0x8b9f39b3c76aab744bcee37cc56782bac8eb5ffb,144665,1,0x8af4277c5e84158494e2ee4cdef463f87abdae4c,28.5,2021-08-19 13:02:18,Gotchi Mug,5.0,Common,28.5,Hand
592,0x8b9f39b3c76aab744bcee37cc56782bac8eb5ffb,145441,1,0x3e0a5fde01ab05186f7808b3ae0cfdbcf844d3ae,26.0,2021-08-19 13:02:06,Gotchi Mug,5.0,Common,26.0,Hand
593,0xacba84f681250a027686b85fb4903f9f1c9caef3,145926,1,0x5f9ce0c2804af2a678d33e3617ee829c00ef6be0,749.0,2021-08-19 11:48:49,Gold Necklace,300.0,Legendary,749.0,Body
594,0x7f4d3c5bf972ffac0575a948bbbdec01cf4d7386,146778,1,0xaba3abe71987030782b3312f23ca0f199791a748,6.0,2021-08-19 11:27:45,Pajama Hat,5.0,Common,6.0,Head
595,0x8b9f39b3c76aab744bcee37cc56782bac8eb5ffb,145970,1,0x0a097a28a9ecdef27380bed164eedca0561accfd,25.0,2021-08-19 11:13:05,Gotchi Mug,5.0,Common,25.0,Hand
596,0x8b9f39b3c76aab744bcee37cc56782bac8eb5ffb,146424,1,0x9bde27f18ca5e70157a0c05391ed9f430a900762,30.0,2021-08-19 11:11:05,Cool shades,5.0,Common,30.0,Eyes
597,0x8b9f39b3c76aab744bcee37cc56782bac8eb5ffb,117281,1,0x75c32299da1395c5ba98c6e213f0deb1320a33cb,90.0,2021-08-19 11:07:51,Polygon Cap,100.0,Rare,90.0,Head
598,0x8b9f39b3c76aab744bcee37cc56782bac8eb5ffb,145530,1,0xfaf39e9d421db0edb4b2026b4ce7479bf373b79f,89.95,2021-08-19 11:07:39,Polygon Cap,100.0,Rare,89.95,Head
599,0x8b9f39b3c76aab744bcee37cc56782bac8eb5ffb,146695,1,0x90b095ed72ce1dd2da4bb689bb1e3588a5d45f7b,7.0,2021-08-19 10:57:13,ETH Tshirt,5.0,Common,7.0,Body
600,0xda248cc10b477c1144219183ec87b0621dac37b3,145525,1,0xf62b981077540ff0557cb145d975744cd0b36d77,140.0,2021-08-19 10:53:11,Lil Pump Goatee,10.0,Uncommon,140.0,Face
601,0xda248cc10b477c1144219183ec87b0621dac37b3,144841,1,0x4117f0db169b126a44fca628de4223c264ad6f19,18.85,2021-08-19 10:31:55,Steampunk Trousers,10.0,Uncommon,18.85,Body
602,0xa44eea8180ac3f66e7dbeab8d0a15cbf1c90b05f,146386,1,0x43ff4c088df0a425d1a519d3030a1a3dfff05cfd,59.0,2021-08-19 09:57:21,Wizard Visor,5.0,Common,59.0,Eyes
603,0x26cf02f892b04af4cf350539ce2c77fcf79ec172,146704,1,0x90b095ed72ce1dd2da4bb689bb1e3588a5d45f7b,7.99,2021-08-19 09:47:09,32 ETH Coin,5.0,Common,7.99,Hand
604,0x26cf02f892b04af4cf350539ce2c77fcf79ec172,146707,1,0x90b095ed72ce1dd2da4bb689bb1e3588a5d45f7b,6.0,2021-08-19 09:46:53,Farmer Jeans,5.0,Common,6.0,Body
605,0x8560f3aa7c2522bfeabca88bb8f5f55efe9611fe,146699,1,0x90b095ed72ce1dd2da4bb689bb1e3588a5d45f7b,6.0,2021-08-19 09:27:55,Pajama Hat,5.0,Common,6.0,Head
606,0x10b385eb6c517943da02e58a76c97b5a16e1c31d,146712,1,0x90b095ed72ce1dd2da4bb689bb1e3588a5d45f7b,7.99,2021-08-19 08:59:00,Aave Plush,5.0,Common,7.99,Hand
607,0xcfb1ffe3dc79fc2bce5b6337dad85a9d214683df,146718,1,0x90b095ed72ce1dd2da4bb689bb1e3588a5d45f7b,11.99,2021-08-19 08:49:08,M67 Grenade,10.0,Uncommon,11.99,Hand
608,0x47ea0ab486f9d00f16d9f248e3388586e061f7f8,145103,1,0xfbf9f4db8db1386464aef8d09bccfc26979aff46,450.0,2021-08-19 08:31:10,Baby Bottle,300.0,Legendary,450.0,Hand
609,0xde34393312c0c1e97e404d18a04580e9610e063c,146252,1,0x002d2715b179d0db3e17cc28317a98f2f65e6884,46.99,2021-08-19 08:25:08,Common Rofl,5.0,Common,46.99,Pet
610,0xcfb1ffe3dc79fc2bce5b6337dad85a9d214683df,146678,1,0x90b095ed72ce1dd2da4bb689bb1e3588a5d45f7b,99.0,2021-08-19 08:24:16,Thaave Helmet,100.0,Rare,99.0,Head
611,0xde34393312c0c1e97e404d18a04580e9610e063c,145960,1,0x36b08dba9335dd28c444b63ebff12fcf014007fe,169.5,2021-08-19 08:15:52,Wine,100.0,Rare,169.5,Hand
612,0xde34393312c0c1e97e404d18a04580e9610e063c,146640,1,0x2dc8c2ec64a5dff670bc4ad3ab2ca6cf0b09a13e,18.0,2021-08-19 08:02:28,Polygon Shirt,10.0,Uncommon,18.0,Body
613,0x47ea0ab486f9d00f16d9f248e3388586e061f7f8,146647,1,0x265b81d155673c607cf86c335ee5779eaee89ff4,345.0,2021-08-19 08:01:38,Thaave Hammer,100.0,Rare,345.0,Hand
614,0x2f3045ce8f70757e5cbad58215134aedaf2e4ca4,146011,1,0x2d03e6d1001e486d1e58690fc7cb3fe3f87c1149,6.92,2021-08-19 07:52:12,L2 Sign,5.0,Common,6.92,Hand
615,0xde34393312c0c1e97e404d18a04580e9610e063c,143088,1,0xffea5a2cfaf1aafbb87a1fe4eed5413da45c30a0,11.44,2021-08-19 07:43:28,ETH Logo Glasses,5.0,Common,11.44,Eyes
616,0x265b81d155673c607cf86c335ee5779eaee89ff4,145968,1,0x0a097a28a9ecdef27380bed164eedca0561accfd,11.0,2021-08-19 07:15:59,ETH Logo Glasses,5.0,Common,11.0,Eyes
617,0xff913f5dabc4766df93c28e492ada2c67083ca6f,146455,1,0xf1fced5b0475a935b49b95786adbda2d40794d2d,420.0,2021-08-19 06:29:37,Rare Rofl,100.0,Rare,420.0,Pet
618,0xf2b9ec5724dc97362a53907c0b4cc0aa72369e63,142847,1,0xf92d260a93785defae5ab49ab62c97b691bc6ff8,300.0,2021-08-19 06:17:09,Sushi Knife,100.0,Rare,300.0,Hand
619,0x26cf02f892b04af4cf350539ce2c77fcf79ec172,146447,2,0xb6a36c05d3b414ce58b570fcad33f47dcc0b7a85,6.9,2021-08-19 05:59:33,L2 Sign,5.0,Common,13.8,Hand
620,0x26cf02f892b04af4cf350539ce2c77fcf79ec172,146498,5,0x1779b5aa4fb5e471f1356f7a81e67e716bb69512,11.0,2021-08-19 05:57:39,Black Jeans,10.0,Uncommon,55.0,Body
621,0x27861e390d45715fb8c2498cb66800019cf2dbe5,146008,1,0x44a496a49f7e3bedf40e5095c26d429b3a75c1f8,8.0,2021-08-19 05:08:41,Aave Hero Shirt,5.0,Common,8.0,Body
622,0x27861e390d45715fb8c2498cb66800019cf2dbe5,146146,1,0xc6d84b7333ccf2db3362f5acd944da2dcc304d06,22.0,2021-08-19 05:08:11,Big GHST Token,5.0,Common,22.0,Hand
623,0x27861e390d45715fb8c2498cb66800019cf2dbe5,146492,1,0x1779b5aa4fb5e471f1356f7a81e67e716bb69512,35.0,2021-08-19 05:06:01,Bitcoin Beanie,10.0,Uncommon,35.0,Head
624,0x81a8f3091f0d218e04349dd595e4b7470fee323a,146332,1,0x60523cd3f5cf0061c6f042545371fa6ff8cd397b,47.0,2021-08-19 03:01:18,Wizard Visor,5.0,Common,47.0,Eyes
