,Buyer,Listing,Quantity,Seller,Price (GHST),Date,Name,Original Price (GHST),Rarity,Total Purchase (GHST),Slot
0,0xffea5a2cfaf1aafbb87a1fe4eed5413da45c30a0,122645,1,0x31504823f4e30d508be141cf19fba2637726061f,255.0,2021-07-02 16:12:18,Thaave Hammer,100.0,Rare,255.0,Hand
1,0xcc84cc9462e4f1f45597c584123ee31cd7e5864b,120019,1,0x9b411116f92504562edcf3a1b14ae226bc1489fc,78.99,2021-07-02 15:21:58,Uncommon Rofl,10.0,Uncommon,78.99,Pet
2,0x7bb8705a3581f549c039401903251aa010ade9c6,120609,1,0x90ef65e04dfa51e14b16206d79782c978a2cc033,5.0,2021-07-02 12:42:12,L2 Sign,5.0,Common,5.0,Hand
3,0xcc84cc9462e4f1f45597c584123ee31cd7e5864b,121678,1,0x2213aba7232bfd36586b0f4f61c977d95ebd3d94,79.0,2021-07-02 08:03:27,Uncommon Rofl,10.0,Uncommon,79.0,Pet
4,0x265b81d155673c607cf86c335ee5779eaee89ff4,122747,1,0x11716fe5b7a9d85d66ab8707a1c95dbffbf6684a,5.0,2021-07-02 07:38:21,Aave Hero Shirt,5.0,Common,5.0,Body
5,0x8087a375ba2374169713f0b590ffbb471afc403b,122465,1,0x1a8d886d3a4a2d2aeb817ebb781f0683351538b1,14.988,2021-07-02 07:27:47,Cool shades,5.0,Common,14.988,Eyes
6,0x677975399cbd8aa7bd17a4b87c04ed07a85978d4,122656,1,0xaec41d6c79ee13f26f4982106463a0bbd6cc31dc,13.0,2021-07-02 06:13:23,Bitcoin Beanie,10.0,Uncommon,13.0,Head
7,0x61477eaa5e33400acc353390ca001be0eb706eb4,122643,1,0x2f3045ce8f70757e5cbad58215134aedaf2e4ca4,99.0,2021-07-02 06:07:31,Lil Pump Goatee,10.0,Uncommon,99.0,Face
8,0x830437c8d234c61ae6bffbc11f2b885e6e934554,122397,1,0x31504823f4e30d508be141cf19fba2637726061f,77.0,2021-07-02 05:38:37,Uncommon Rofl,10.0,Uncommon,77.0,Pet
9,0x830437c8d234c61ae6bffbc11f2b885e6e934554,122647,1,0x1a8d886d3a4a2d2aeb817ebb781f0683351538b1,76.88,2021-07-02 05:37:53,Uncommon Rofl,10.0,Uncommon,76.88,Pet
10,0x10b385eb6c517943da02e58a76c97b5a16e1c31d,122260,1,0x67c2ffa74252ee2b2fb63bb754fc050db28f767e,9.0,2021-07-01 23:37:36,Big GHST Token,5.0,Common,9.0,Hand
11,0x10b385eb6c517943da02e58a76c97b5a16e1c31d,120089,1,0x8dadff9eee13ccbcc35bb22e99416427d63ef8c9,9.5,2021-07-01 23:35:14,Rasta Hat,10.0,Uncommon,9.5,Head
12,0x10b385eb6c517943da02e58a76c97b5a16e1c31d,122226,3,0x59e9f8f07f9d339c48c8521af341a1a2337a9e22,9.0,2021-07-01 23:34:44,Tiny Crown,10.0,Uncommon,27.0,Head
13,0x10b385eb6c517943da02e58a76c97b5a16e1c31d,121360,1,0xaec41d6c79ee13f26f4982106463a0bbd6cc31dc,9.0,2021-07-01 23:34:24,Rasta Hat,10.0,Uncommon,9.0,Head
14,0x10b385eb6c517943da02e58a76c97b5a16e1c31d,121168,5,0x3a120fdd1260422fc76cb5c7e9b5e6f292c96b56,9.0,2021-07-01 23:34:06,Rasta Shirt,10.0,Uncommon,45.0,Body
15,0x47d6f96ba098816389db7c87cbf077de7181b853,122355,1,0x7bb8705a3581f549c039401903251aa010ade9c6,385.0,2021-07-01 20:14:33,Rare Rofl,100.0,Rare,385.0,Pet
16,0x47d6f96ba098816389db7c87cbf077de7181b853,122443,1,0xe3601aa8774cd35bd07ddefa8aa1b893bd0b9ed3,21.9,2021-07-01 19:07:49,Imperial Moustache,5.0,Common,21.9,Face
17,0xa53c56ee83b2f0cf3d00b360ff79ead4d7a3a663,120074,1,0xaec41d6c79ee13f26f4982106463a0bbd6cc31dc,35.0,2021-07-01 04:56:45,Captain Aave Mask,10.0,Uncommon,35.0,Head
18,0x8b9f39b3c76aab744bcee37cc56782bac8eb5ffb,122445,1,0x66697dabffe51a73e506f463b27e388512ed6ecd,7.0,2021-07-01 00:02:29,ETH Tshirt,5.0,Common,7.0,Body
19,0x10b385eb6c517943da02e58a76c97b5a16e1c31d,120185,1,0x7bb8705a3581f549c039401903251aa010ade9c6,9.0,2021-06-30 22:45:50,Black Jeans,10.0,Uncommon,9.0,Body
20,0x8b200f4c81c54d9014b4cda3f16501069fa20ab9,121815,1,0xe913a5fe3faa5f0fa0d420c87337c7cb99a0c6e5,19.0,2021-06-30 21:28:40,Captain Aave Suit,10.0,Uncommon,19.0,Body
21,0x8b200f4c81c54d9014b4cda3f16501069fa20ab9,120615,1,0x90ef65e04dfa51e14b16206d79782c978a2cc033,9.9,2021-06-30 21:26:38,Pajama Shirt,10.0,Uncommon,9.9,Body
22,0x8b200f4c81c54d9014b4cda3f16501069fa20ab9,122054,1,0x4f6fff5cd87eaf8cf09467366fe783e7ecb1317b,8.0,2021-06-30 21:26:00,Pajama Hat,5.0,Common,8.0,Head
23,0x8b200f4c81c54d9014b4cda3f16501069fa20ab9,122342,1,0xfbdd5c349d1686d7b15b27f47217c55fe93d2bfc,8.99,2021-06-30 21:24:36,Miner Jeans,10.0,Uncommon,8.99,Body
24,0x1a8d886d3a4a2d2aeb817ebb781f0683351538b1,122469,1,0x3a05fed22136b55cd3e4e9e60cf559539e691c49,80.0,2021-06-30 20:55:08,Eagle Armor,100.0,Rare,80.0,Body
25,0x8b200f4c81c54d9014b4cda3f16501069fa20ab9,122458,1,0x3a05fed22136b55cd3e4e9e60cf559539e691c49,11.0,2021-06-30 20:53:10,Sweatband,10.0,Uncommon,11.0,Head
26,0x830437c8d234c61ae6bffbc11f2b885e6e934554,121266,1,0xada619cce3582bd8a9982b834a5dd24a2e45c16c,6.0,2021-06-30 20:52:18,Vote Sign,5.0,Common,6.0,Hand
27,0x1a8d886d3a4a2d2aeb817ebb781f0683351538b1,122459,2,0x3a05fed22136b55cd3e4e9e60cf559539e691c49,9.0,2021-06-30 20:52:00,Cool shades,5.0,Common,18.0,Eyes
28,0x2f3045ce8f70757e5cbad58215134aedaf2e4ca4,122460,1,0x3a05fed22136b55cd3e4e9e60cf559539e691c49,70.0,2021-06-30 20:51:54,Lil Pump Goatee,10.0,Uncommon,70.0,Face
29,0x830437c8d234c61ae6bffbc11f2b885e6e934554,121080,1,0x3f0c46fd387de612ea24cb0c21d06e430da02fd1,4.9,2021-06-30 20:45:48,Vote Sign,5.0,Common,4.9,Hand
30,0x09d43ada2a315c88f627bb9350847f9c80f225e9,121402,1,0x77427023e70cafd983dabaf3488d8d83ecb15b96,16.9,2021-06-30 20:06:48,ETH Logo Glasses,5.0,Common,16.9,Eyes
31,0x5761ac2e1cb06cc3f8e1dd7e40b358bb35558def,122368,1,0x3a05fed22136b55cd3e4e9e60cf559539e691c49,490.0,2021-06-30 17:15:49,REKT Sign,300.0,Legendary,490.0,Hand
32,0x95ac8d067e3501063fa95f17758da79d4caac37f,71715,1,0x0628ff854c191d4b80d2f07b3f1a39d878cd2e3a,150.0,2021-06-30 15:47:21,Walkie Talkie,100.0,Rare,150.0,Hand
33,0x95ac8d067e3501063fa95f17758da79d4caac37f,122400,1,0x5f2b6648a7b62bea1b4bc31edc318365fa7bb0ff,149.0,2021-06-30 15:46:45,Walkie Talkie,100.0,Rare,149.0,Hand
34,0x95ac8d067e3501063fa95f17758da79d4caac37f,118476,1,0x2dc8c2ec64a5dff670bc4ad3ab2ca6cf0b09a13e,90.0,2021-06-30 15:45:53,Princess Tiara,100.0,Rare,90.0,Head
35,0x92db5dcbf375fa203c9cb60f095c5800d59f0a3e,122366,1,0x3a05fed22136b55cd3e4e9e60cf559539e691c49,99.0,2021-06-30 11:21:29,Wine,100.0,Rare,99.0,Hand
36,0xbb6182a3de745892dd68f50f3ebc890ba4719de1,122226,1,0x59e9f8f07f9d339c48c8521af341a1a2337a9e22,9.0,2021-06-30 10:56:18,Tiny Crown,10.0,Uncommon,9.0,Head
37,0xbcde4ef0e8b16c1b691ef552fa4bbd98560b991b,121077,1,0x3f0c46fd387de612ea24cb0c21d06e430da02fd1,8.5,2021-06-30 10:44:16,Aave Plush,5.0,Common,8.5,Hand
38,0xbcde4ef0e8b16c1b691ef552fa4bbd98560b991b,121080,1,0x3f0c46fd387de612ea24cb0c21d06e430da02fd1,4.9,2021-06-30 10:41:36,Vote Sign,5.0,Common,4.9,Hand
39,0x931eb9d2e9b0e496aac1dcdf778399ad762e3739,122161,1,0x48b5dd106136d7effc929190016b3c890c377547,13.5,2021-06-30 05:33:22,Gemstone Ring,10.0,Uncommon,13.5,Hand
40,0x931eb9d2e9b0e496aac1dcdf778399ad762e3739,89371,1,0x83ee01ddf5d8ebf0c408d84c5a1710d4410c4525,10.0,2021-06-30 05:30:44,Pajama Shirt,10.0,Uncommon,10.0,Body
41,0x931eb9d2e9b0e496aac1dcdf778399ad762e3739,121910,1,0xbf91459018a2526c745979466b09dbd1d239a41d,8.0,2021-06-30 05:27:14,Pajama Hat,5.0,Common,8.0,Head
42,0x931eb9d2e9b0e496aac1dcdf778399ad762e3739,121845,1,0x82d047751bc7dfd6cc6675c9362aa67f97609b18,4.0,2021-06-30 05:27:14,L2 Sign,5.0,Common,4.0,Hand
43,0x4995fc70f2211ec4a97ad6763f499f9c05477de0,122262,1,0x67c2ffa74252ee2b2fb63bb754fc050db28f767e,50.0,2021-06-30 03:46:42,Water bottle,10.0,Uncommon,50.0,Hand
44,0x44a496a49f7e3bedf40e5095c26d429b3a75c1f8,121475,1,0x1a8d886d3a4a2d2aeb817ebb781f0683351538b1,78.88,2021-06-30 03:36:26,Uncommon Rofl,10.0,Uncommon,78.88,Pet
45,0x4995fc70f2211ec4a97ad6763f499f9c05477de0,120474,1,0x3a05fed22136b55cd3e4e9e60cf559539e691c49,38.0,2021-06-30 02:23:00,Common Rofl,5.0,Common,38.0,Pet
46,0xe0cda6a98bddf22051b3a2295521a77bb6ebaecd,121077,1,0x3f0c46fd387de612ea24cb0c21d06e430da02fd1,8.5,2021-06-30 00:46:18,Aave Plush,5.0,Common,8.5,Hand
47,0xe0cda6a98bddf22051b3a2295521a77bb6ebaecd,121137,1,0x99f63103c109dbce7a45e111da8cf2c8c86cf6c1,75.0,2021-06-30 00:28:26,Aagent Fedora Hat,100.0,Rare,75.0,Head
48,0xe0cda6a98bddf22051b3a2295521a77bb6ebaecd,121845,1,0x82d047751bc7dfd6cc6675c9362aa67f97609b18,4.0,2021-06-30 00:27:50,L2 Sign,5.0,Common,4.0,Hand
49,0xe0cda6a98bddf22051b3a2295521a77bb6ebaecd,118468,1,0x2dc8c2ec64a5dff670bc4ad3ab2ca6cf0b09a13e,25.0,2021-06-30 00:27:20,Trezor Wallet,10.0,Uncommon,25.0,Hand
50,0xe0cda6a98bddf22051b3a2295521a77bb6ebaecd,120078,1,0xaec41d6c79ee13f26f4982106463a0bbd6cc31dc,20.0,2021-06-30 00:26:54,Aave Hero Mask,5.0,Common,20.0,Face
51,0xe0cda6a98bddf22051b3a2295521a77bb6ebaecd,119812,1,0xbb403d793dda52f8512950953771b7c341086120,84.9,2021-06-30 00:26:28,Aagent Shirt,100.0,Rare,84.9,Body
52,0xffea5a2cfaf1aafbb87a1fe4eed5413da45c30a0,92507,1,0x243cebb2fccae390639f2b454e4886dcfae7deee,10.0,2021-06-29 23:33:52,Camo Hat,5.0,Common,10.0,Head
53,0xffea5a2cfaf1aafbb87a1fe4eed5413da45c30a0,122091,1,0x88a1303994f0c906d8c0ee9c72fe17f627ed9f48,500.0,2021-06-29 20:28:12,Martini,300.0,Legendary,500.0,Hand
54,0x4995fc70f2211ec4a97ad6763f499f9c05477de0,122162,1,0x48b5dd106136d7effc929190016b3c890c377547,13.0,2021-06-29 19:57:30,Dragon Horns,10.0,Uncommon,13.0,Head
55,0x59e9f8f07f9d339c48c8521af341a1a2337a9e22,122211,2,0x05a8d92eed013f79a16acb1a984d250cace10660,101.0,2021-06-29 19:56:42,Skateboard,100.0,Rare,202.0,Hand
56,0x5761ac2e1cb06cc3f8e1dd7e40b358bb35558def,116112,1,0x3cdee3cfe9ff085a70e64f1d45ccc948f71ffc7a,120.0,2021-06-29 19:56:22,Marine Cap,100.0,Rare,120.0,Head
57,0x5761ac2e1cb06cc3f8e1dd7e40b358bb35558def,71715,1,0x0628ff854c191d4b80d2f07b3f1a39d878cd2e3a,150.0,2021-06-29 19:55:42,Walkie Talkie,100.0,Rare,150.0,Hand
58,0x5761ac2e1cb06cc3f8e1dd7e40b358bb35558def,122080,1,0x744e44982b1cc073c13fb428a9a7a15aea6f6ef1,90.0,2021-06-29 19:49:10,Marine Jacket,100.0,Rare,90.0,Body
59,0x60c4ae0ee854a20ea7796a9678090767679b30fc,122195,3,0x44a496a49f7e3bedf40e5095c26d429b3a75c1f8,10.0,2021-06-29 18:23:49,Fireball,5.0,Common,30.0,Hand
60,0x60ed33735c9c29ec2c26b8ec734e36d5b6fa1eab,121833,1,0x1a8d886d3a4a2d2aeb817ebb781f0683351538b1,14.9777,2021-06-29 12:03:25,ETH Logo Glasses,5.0,Common,14.9777,Eyes
61,0x60ed33735c9c29ec2c26b8ec734e36d5b6fa1eab,121792,1,0x027b6146248b3a7648e7c7e243bd01e1704bc3ca,9.88,2021-06-29 12:03:25,32 ETH Coin,5.0,Common,9.88,Hand
62,0x60ed33735c9c29ec2c26b8ec734e36d5b6fa1eab,121817,1,0xe913a5fe3faa5f0fa0d420c87337c7cb99a0c6e5,8.99,2021-06-29 12:03:23,ETH Tshirt,5.0,Common,8.99,Body
63,0x60ed33735c9c29ec2c26b8ec734e36d5b6fa1eab,121516,1,0xcd6c1eef36ced2ec98ce4291d9ed32ffb9230ab7,490.0,2021-06-29 12:01:53,REKT Sign,300.0,Legendary,490.0,Hand
64,0x60ed33735c9c29ec2c26b8ec734e36d5b6fa1eab,121218,1,0x6ef680abfc9c8e60ebd5813ce724b75af4591cdd,280.0,2021-06-29 12:00:41,Thaave Hammer,100.0,Rare,280.0,Hand
65,0x60ed33735c9c29ec2c26b8ec734e36d5b6fa1eab,92503,92,0x243cebb2fccae390639f2b454e4886dcfae7deee,10.0,2021-06-29 11:56:07,MK2 Grenade,5.0,Common,920.0,Hand
66,0x60ed33735c9c29ec2c26b8ec734e36d5b6fa1eab,92506,78,0x243cebb2fccae390639f2b454e4886dcfae7deee,10.0,2021-06-29 11:55:09,Camo Pants,5.0,Common,780.0,Body
67,0x60ed33735c9c29ec2c26b8ec734e36d5b6fa1eab,92507,75,0x243cebb2fccae390639f2b454e4886dcfae7deee,10.0,2021-06-29 11:54:27,Camo Hat,5.0,Common,750.0,Head
68,0x60ed33735c9c29ec2c26b8ec734e36d5b6fa1eab,85071,5,0x10b385eb6c517943da02e58a76c97b5a16e1c31d,9.99,2021-06-29 11:51:53,Farmer Jeans,5.0,Common,49.95,Body
69,0x60ed33735c9c29ec2c26b8ec734e36d5b6fa1eab,65983,13,0xc376ade541fcf465931aa317afde8c77ebe534d8,10.0,2021-06-29 11:49:37,Camo Hat,5.0,Common,130.0,Head
70,0x60ed33735c9c29ec2c26b8ec734e36d5b6fa1eab,65982,14,0xc376ade541fcf465931aa317afde8c77ebe534d8,10.0,2021-06-29 11:49:29,Camo Pants,5.0,Common,140.0,Body
71,0x60ed33735c9c29ec2c26b8ec734e36d5b6fa1eab,53358,1,0x91b1a6df84f1560cdba8a92f9a4e733fe49e66d0,10.0,2021-06-29 11:49:23,Camo Hat,5.0,Common,10.0,Head
72,0x60ed33735c9c29ec2c26b8ec734e36d5b6fa1eab,121861,2,0x0bb75bef057da63a0ae4b25fe9adafd35cd92b87,10.0,2021-06-29 11:49:19,Camo Pants,5.0,Common,20.0,Body
73,0x60ed33735c9c29ec2c26b8ec734e36d5b6fa1eab,73947,5,0x10b385eb6c517943da02e58a76c97b5a16e1c31d,9.99,2021-06-29 11:49:13,Camo Hat,5.0,Common,49.95,Head
74,0x60ed33735c9c29ec2c26b8ec734e36d5b6fa1eab,54799,1,0x0db5e7924d87d2ec27876882e7af911a58050dd1,12.0,2021-06-29 11:49:01,MK2 Grenade,5.0,Common,12.0,Hand
75,0x60ed33735c9c29ec2c26b8ec734e36d5b6fa1eab,119206,1,0xa499df2bdae854093e5576c26c9e53e1b30d25e5,10.0,2021-06-29 11:48:05,Camo Pants,5.0,Common,10.0,Body
76,0x60ed33735c9c29ec2c26b8ec734e36d5b6fa1eab,73947,1,0x10b385eb6c517943da02e58a76c97b5a16e1c31d,9.99,2021-06-29 11:48:03,Camo Hat,5.0,Common,9.99,Head
77,0x60ed33735c9c29ec2c26b8ec734e36d5b6fa1eab,120768,3,0x10b385eb6c517943da02e58a76c97b5a16e1c31d,9.99,2021-06-29 11:48:01,Camo Pants,5.0,Common,29.97,Body
78,0x60ed33735c9c29ec2c26b8ec734e36d5b6fa1eab,120095,1,0x8dadff9eee13ccbcc35bb22e99416427d63ef8c9,9.5,2021-06-29 11:48:01,Camo Hat,5.0,Common,9.5,Head
79,0x60ed33735c9c29ec2c26b8ec734e36d5b6fa1eab,118629,1,0xaa126ec5d4b0c1ae94dfb0d7176ce785af7d02ce,9.0,2021-06-29 11:47:51,Camo Pants,5.0,Common,9.0,Body
80,0x60ed33735c9c29ec2c26b8ec734e36d5b6fa1eab,118628,3,0xaa126ec5d4b0c1ae94dfb0d7176ce785af7d02ce,9.0,2021-06-29 11:47:51,Camo Hat,5.0,Common,27.0,Head
81,0x60ed33735c9c29ec2c26b8ec734e36d5b6fa1eab,54799,1,0x0db5e7924d87d2ec27876882e7af911a58050dd1,12.0,2021-06-29 11:47:43,MK2 Grenade,5.0,Common,12.0,Hand
82,0x60ed33735c9c29ec2c26b8ec734e36d5b6fa1eab,92503,1,0x243cebb2fccae390639f2b454e4886dcfae7deee,10.0,2021-06-29 11:47:41,MK2 Grenade,5.0,Common,10.0,Hand
83,0x60ed33735c9c29ec2c26b8ec734e36d5b6fa1eab,54549,1,0xf2c06f90fb58844c09220e01e3116a2293df6960,12.0,2021-06-29 11:47:41,MK2 Grenade,5.0,Common,12.0,Hand
84,0x60ed33735c9c29ec2c26b8ec734e36d5b6fa1eab,117449,1,0xfd41bef1fd45d7db65fb8f4cd3804e4c8daff6b9,11.99,2021-06-29 11:47:41,MK2 Grenade,5.0,Common,11.99,Hand
85,0x60ed33735c9c29ec2c26b8ec734e36d5b6fa1eab,120016,1,0x9b411116f92504562edcf3a1b14ae226bc1489fc,9.99,2021-06-29 11:47:07,MK2 Grenade,5.0,Common,9.99,Hand
86,0x60ed33735c9c29ec2c26b8ec734e36d5b6fa1eab,121715,1,0x3b3120e283c08daabb5e3f240e008387ef8a67db,9.98,2021-06-29 11:47:01,MK2 Grenade,5.0,Common,9.98,Hand
87,0x60ed33735c9c29ec2c26b8ec734e36d5b6fa1eab,73937,1,0x10b385eb6c517943da02e58a76c97b5a16e1c31d,9.99,2021-06-29 11:45:19,Straw Hat,5.0,Common,9.99,Head
88,0x60ed33735c9c29ec2c26b8ec734e36d5b6fa1eab,112802,1,0x646b9eb5a9441e975a3ac89566449df0024473a0,9.0,2021-06-29 11:44:59,Straw Hat,5.0,Common,9.0,Head
89,0x60ed33735c9c29ec2c26b8ec734e36d5b6fa1eab,112802,1,0x646b9eb5a9441e975a3ac89566449df0024473a0,9.0,2021-06-29 11:40:35,Straw Hat,5.0,Common,9.0,Head
90,0x60ed33735c9c29ec2c26b8ec734e36d5b6fa1eab,116728,1,0x7f24f65868977ad7ef02a88f867fb43c7c4b77ef,8.0,2021-06-29 11:40:25,Straw Hat,5.0,Common,8.0,Head
91,0x60ed33735c9c29ec2c26b8ec734e36d5b6fa1eab,117003,1,0x0bad4ebff09ced8dfffc2d99ea04108e1afab8b2,8.0,2021-06-29 11:40:19,Straw Hat,5.0,Common,8.0,Head
92,0x60ed33735c9c29ec2c26b8ec734e36d5b6fa1eab,122090,1,0xfbdd5c349d1686d7b15b27f47217c55fe93d2bfc,7.9,2021-06-29 11:40:13,Straw Hat,5.0,Common,7.9,Head
93,0x60ed33735c9c29ec2c26b8ec734e36d5b6fa1eab,96726,1,0xc54a79174cb43729e65a95e41028c9bac7ab4592,10.0,2021-06-29 11:39:45,Straw Hat,5.0,Common,10.0,Head
94,0x60ed33735c9c29ec2c26b8ec734e36d5b6fa1eab,117815,1,0xe82c15d07ee5bc5274ccff897c91eb2ab1326d0d,9.0,2021-06-29 11:39:45,Straw Hat,5.0,Common,9.0,Head
95,0x60ed33735c9c29ec2c26b8ec734e36d5b6fa1eab,96740,1,0x6802b4028d41ca367137dc50ebd3f5eeedc8be55,9.0,2021-06-29 11:39:29,Farmer Jeans,5.0,Common,9.0,Body
96,0x60ed33735c9c29ec2c26b8ec734e36d5b6fa1eab,95942,1,0x1a518a3e674a76324058822ca5d8688cffc5033b,10.0,2021-06-29 11:39:29,Pitchfork,5.0,Common,10.0,Hand
97,0x60ed33735c9c29ec2c26b8ec734e36d5b6fa1eab,92290,1,0xde1d2a4aa17ee6a529a042cb543beb26c8d9585d,10.0,2021-06-29 11:39:29,Farmer Jeans,5.0,Common,10.0,Body
98,0x60ed33735c9c29ec2c26b8ec734e36d5b6fa1eab,92276,1,0xaa92ee1b8670bff3a2851fae90a16fbdbc89e018,10.0,2021-06-29 11:39:29,Pitchfork,5.0,Common,10.0,Hand
99,0x60ed33735c9c29ec2c26b8ec734e36d5b6fa1eab,87748,1,0xa011cc1fd89f500e86bc2fa6846a8992316cb70e,9.0,2021-06-29 11:39:29,Straw Hat,5.0,Common,9.0,Head
100,0x60ed33735c9c29ec2c26b8ec734e36d5b6fa1eab,85071,1,0x10b385eb6c517943da02e58a76c97b5a16e1c31d,9.99,2021-06-29 11:39:29,Farmer Jeans,5.0,Common,9.99,Body
101,0x60ed33735c9c29ec2c26b8ec734e36d5b6fa1eab,84508,1,0xd06c350939e90795c63e5bec3c981d7a2c9ed6e7,10.0,2021-06-29 11:39:29,Straw Hat,5.0,Common,10.0,Head
102,0x60ed33735c9c29ec2c26b8ec734e36d5b6fa1eab,84258,1,0x172d7a92660006ebecb125c712fa0fe9dd53e106,14.0,2021-06-29 11:39:29,Pitchfork,5.0,Common,14.0,Hand
103,0x60ed33735c9c29ec2c26b8ec734e36d5b6fa1eab,79173,1,0x246d8ef4ac5a479e8229bcb9f32d03e574899573,9.0,2021-06-29 11:39:29,Straw Hat,5.0,Common,9.0,Head
104,0x60ed33735c9c29ec2c26b8ec734e36d5b6fa1eab,73937,1,0x10b385eb6c517943da02e58a76c97b5a16e1c31d,9.99,2021-06-29 11:39:29,Straw Hat,5.0,Common,9.99,Head
105,0x60ed33735c9c29ec2c26b8ec734e36d5b6fa1eab,66632,1,0x8633237a413cf6d3c6c5340885fe73d2288cc3f8,10.0,2021-06-29 11:39:29,Straw Hat,5.0,Common,10.0,Head
106,0x60ed33735c9c29ec2c26b8ec734e36d5b6fa1eab,121502,1,0xfbdd5c349d1686d7b15b27f47217c55fe93d2bfc,9.9,2021-06-29 11:39:29,Pitchfork,5.0,Common,9.9,Hand
107,0x60ed33735c9c29ec2c26b8ec734e36d5b6fa1eab,119746,1,0x604148f587d2c0d0de278133cef48ff15a964c49,9.0,2021-06-29 11:39:29,Farmer Jeans,5.0,Common,9.0,Body
108,0x60ed33735c9c29ec2c26b8ec734e36d5b6fa1eab,117111,1,0xb47ebe89272c9e35b272885baecfa9173ed7a2d7,9.0,2021-06-29 11:39:29,Farmer Jeans,5.0,Common,9.0,Body
109,0x60ed33735c9c29ec2c26b8ec734e36d5b6fa1eab,116804,1,0x2d03e6d1001e486d1e58690fc7cb3fe3f87c1149,8.9,2021-06-29 11:39:29,Farmer Jeans,5.0,Common,8.9,Body
110,0x60ed33735c9c29ec2c26b8ec734e36d5b6fa1eab,116790,1,0x830437c8d234c61ae6bffbc11f2b885e6e934554,8.9,2021-06-29 11:37:29,Farmer Jeans,5.0,Common,8.9,Body
111,0x60ed33735c9c29ec2c26b8ec734e36d5b6fa1eab,115925,1,0xcc84cc9462e4f1f45597c584123ee31cd7e5864b,8.9,2021-06-29 11:37:23,Farmer Jeans,5.0,Common,8.9,Body
112,0x60ed33735c9c29ec2c26b8ec734e36d5b6fa1eab,122089,1,0xfbdd5c349d1686d7b15b27f47217c55fe93d2bfc,7.9,2021-06-29 11:37:07,Farmer Jeans,5.0,Common,7.9,Body
113,0x5e31c357d03e9528e9bf95bd16e5c1ab3f7d37d0,121691,1,0x29746c9d6b317c6df26ac1751d6cb03a55c1b8d5,555.0,2021-06-29 09:03:26,Link Mess Dress,300.0,Legendary,555.0,Body
114,0xed7d2286152b3ac0151b06e4f3dfba37acc5a634,120685,1,0x101addc07d63a6b35b199153252168ab9889dca1,18.0,2021-06-29 08:07:16,Apple Juice,10.0,Uncommon,18.0,Hand
115,0xe0802cf223a05a14408ad44e7f878d21408fb04c,74139,1,0x3929d8e8e6b983e36e612d2d39eb0ab49b496cf9,18.0,2021-06-29 07:35:16,Snapshot Shirt,10.0,Uncommon,18.0,Body
116,0xe0802cf223a05a14408ad44e7f878d21408fb04c,78584,1,0x70b63254a89461f3797c2c6222234e6fd382baa0,17.0,2021-06-29 07:34:44,Snapshot Shirt,10.0,Uncommon,17.0,Body
117,0xed7d2286152b3ac0151b06e4f3dfba37acc5a634,120698,1,0x8b200f4c81c54d9014b4cda3f16501069fa20ab9,9.0,2021-06-29 07:34:22,Camo Hat,5.0,Common,9.0,Head
118,0xe0802cf223a05a14408ad44e7f878d21408fb04c,75205,1,0x17a3831b39cc557296d0c322f9c2d42c0b3a8f3f,17.0,2021-06-29 07:34:18,Snapshot Shirt,10.0,Uncommon,17.0,Body
119,0xe0802cf223a05a14408ad44e7f878d21408fb04c,75205,1,0x17a3831b39cc557296d0c322f9c2d42c0b3a8f3f,17.0,2021-06-29 07:33:46,Snapshot Shirt,10.0,Uncommon,17.0,Body
120,0xed7d2286152b3ac0151b06e4f3dfba37acc5a634,118629,1,0xaa126ec5d4b0c1ae94dfb0d7176ce785af7d02ce,9.0,2021-06-29 07:33:14,Camo Pants,5.0,Common,9.0,Body
121,0xe0802cf223a05a14408ad44e7f878d21408fb04c,75428,1,0x8928b26de9ecc59cacdba095c6ed6237f48ddbd2,17.0,2021-06-29 07:33:10,Snapshot Shirt,10.0,Uncommon,17.0,Body
122,0xe0802cf223a05a14408ad44e7f878d21408fb04c,75205,1,0x17a3831b39cc557296d0c322f9c2d42c0b3a8f3f,17.0,2021-06-29 07:33:06,Snapshot Shirt,10.0,Uncommon,17.0,Body
123,0xed7d2286152b3ac0151b06e4f3dfba37acc5a634,122004,1,0x8560f3aa7c2522bfeabca88bb8f5f55efe9611fe,6.85,2021-06-29 07:32:06,MK2 Grenade,5.0,Common,6.85,Hand
124,0xe0802cf223a05a14408ad44e7f878d21408fb04c,78570,1,0x7e9607e65b6402992524e2a1ff8fac63f406e4f0,15.0,2021-06-29 07:31:54,Snapshot Shirt,10.0,Uncommon,15.0,Body
125,0xe0802cf223a05a14408ad44e7f878d21408fb04c,78661,1,0x4c28b7a52cf9b44b7f775a0660fb09c41694ee7b,16.0,2021-06-29 07:31:26,Snapshot Shirt,10.0,Uncommon,16.0,Body
126,0xe0802cf223a05a14408ad44e7f878d21408fb04c,75607,1,0xa2980330b2cf3261aea699fd3efd203605f64074,15.0,2021-06-29 07:30:42,Snapshot Shirt,10.0,Uncommon,15.0,Body
127,0xe0802cf223a05a14408ad44e7f878d21408fb04c,83433,1,0xd29edf0877c42ded575136e3d2104f9f5ecb7e44,14.0,2021-06-29 07:30:08,Snapshot Shirt,10.0,Uncommon,14.0,Body
128,0xe0802cf223a05a14408ad44e7f878d21408fb04c,121403,1,0x77427023e70cafd983dabaf3488d8d83ecb15b96,13.9,2021-06-29 07:28:52,Snapshot Shirt,10.0,Uncommon,13.9,Body
129,0xe0802cf223a05a14408ad44e7f878d21408fb04c,84487,1,0xba21325681ffd7d623993a2a564f6390654e2948,11.0,2021-06-29 07:28:22,Snapshot Shirt,10.0,Uncommon,11.0,Body
130,0xe0802cf223a05a14408ad44e7f878d21408fb04c,84487,1,0xba21325681ffd7d623993a2a564f6390654e2948,11.0,2021-06-29 07:27:48,Snapshot Shirt,10.0,Uncommon,11.0,Body
131,0xe0802cf223a05a14408ad44e7f878d21408fb04c,84487,1,0xba21325681ffd7d623993a2a564f6390654e2948,11.0,2021-06-29 07:27:14,Snapshot Shirt,10.0,Uncommon,11.0,Body
132,0xe0802cf223a05a14408ad44e7f878d21408fb04c,80258,1,0x518a8463ffff4435431d889e507fa1a9e1c34502,11.0,2021-06-29 07:26:50,Snapshot Shirt,10.0,Uncommon,11.0,Body
133,0xe0802cf223a05a14408ad44e7f878d21408fb04c,120617,1,0x90ef65e04dfa51e14b16206d79782c978a2cc033,11.0,2021-06-29 07:26:14,Snapshot Shirt,10.0,Uncommon,11.0,Body
134,0xe0802cf223a05a14408ad44e7f878d21408fb04c,91725,1,0xf6cc3af141ab635d8068f60b6b9e5356cd489bda,10.0,2021-06-29 07:24:12,Snapshot Shirt,10.0,Uncommon,10.0,Body
135,0xe0802cf223a05a14408ad44e7f878d21408fb04c,91725,1,0xf6cc3af141ab635d8068f60b6b9e5356cd489bda,10.0,2021-06-29 07:23:42,Snapshot Shirt,10.0,Uncommon,10.0,Body
136,0xe0802cf223a05a14408ad44e7f878d21408fb04c,85124,1,0xeda29227543b2bc0d8e4a5220ef0a34868033a2d,10.0,2021-06-29 07:23:06,Snapshot Shirt,10.0,Uncommon,10.0,Body
137,0xe0802cf223a05a14408ad44e7f878d21408fb04c,85124,1,0xeda29227543b2bc0d8e4a5220ef0a34868033a2d,10.0,2021-06-29 07:22:32,Snapshot Shirt,10.0,Uncommon,10.0,Body
138,0xe0802cf223a05a14408ad44e7f878d21408fb04c,85124,1,0xeda29227543b2bc0d8e4a5220ef0a34868033a2d,10.0,2021-06-29 07:21:38,Snapshot Shirt,10.0,Uncommon,10.0,Body
139,0xe0802cf223a05a14408ad44e7f878d21408fb04c,85124,1,0xeda29227543b2bc0d8e4a5220ef0a34868033a2d,10.0,2021-06-29 07:20:54,Snapshot Shirt,10.0,Uncommon,10.0,Body
140,0xe0802cf223a05a14408ad44e7f878d21408fb04c,85124,1,0xeda29227543b2bc0d8e4a5220ef0a34868033a2d,10.0,2021-06-29 07:20:20,Snapshot Shirt,10.0,Uncommon,10.0,Body
141,0xe0802cf223a05a14408ad44e7f878d21408fb04c,85124,1,0xeda29227543b2bc0d8e4a5220ef0a34868033a2d,10.0,2021-06-29 07:19:48,Snapshot Shirt,10.0,Uncommon,10.0,Body
142,0xe0802cf223a05a14408ad44e7f878d21408fb04c,116744,1,0x88a1303994f0c906d8c0ee9c72fe17f627ed9f48,10.0,2021-06-29 07:17:28,Snapshot Shirt,10.0,Uncommon,10.0,Body
143,0xe0802cf223a05a14408ad44e7f878d21408fb04c,85124,1,0xeda29227543b2bc0d8e4a5220ef0a34868033a2d,10.0,2021-06-29 07:15:36,Snapshot Shirt,10.0,Uncommon,10.0,Body
144,0xe0802cf223a05a14408ad44e7f878d21408fb04c,115693,1,0x373c52a766d5b71d68064addf18c7a25c2afe6b6,10.0,2021-06-29 07:15:00,Snapshot Shirt,10.0,Uncommon,10.0,Body
145,0xe0802cf223a05a14408ad44e7f878d21408fb04c,115598,1,0x48b5dd106136d7effc929190016b3c890c377547,10.0,2021-06-29 07:14:12,Snapshot Shirt,10.0,Uncommon,10.0,Body
146,0xe0802cf223a05a14408ad44e7f878d21408fb04c,118580,1,0x10b385eb6c517943da02e58a76c97b5a16e1c31d,9.99,2021-06-29 07:13:32,Snapshot Shirt,10.0,Uncommon,9.99,Body
147,0xe0802cf223a05a14408ad44e7f878d21408fb04c,115598,1,0x48b5dd106136d7effc929190016b3c890c377547,10.0,2021-06-29 07:12:40,Snapshot Shirt,10.0,Uncommon,10.0,Body
148,0xe0802cf223a05a14408ad44e7f878d21408fb04c,115598,1,0x48b5dd106136d7effc929190016b3c890c377547,10.0,2021-06-29 07:08:46,Snapshot Shirt,10.0,Uncommon,10.0,Body
149,0xe0802cf223a05a14408ad44e7f878d21408fb04c,119290,1,0x29746c9d6b317c6df26ac1751d6cb03a55c1b8d5,9.8,2021-06-29 07:07:34,Snapshot Shirt,10.0,Uncommon,9.8,Body
150,0xe0802cf223a05a14408ad44e7f878d21408fb04c,121805,1,0x830437c8d234c61ae6bffbc11f2b885e6e934554,9.45,2021-06-29 07:04:44,Snapshot Shirt,10.0,Uncommon,9.45,Body
151,0xe0802cf223a05a14408ad44e7f878d21408fb04c,121808,1,0x8560f3aa7c2522bfeabca88bb8f5f55efe9611fe,9.15,2021-06-29 07:03:42,Snapshot Shirt,10.0,Uncommon,9.15,Body
152,0x44a496a49f7e3bedf40e5095c26d429b3a75c1f8,121621,1,0xe3601aa8774cd35bd07ddefa8aa1b893bd0b9ed3,37.9,2021-06-29 05:20:09,Common Rofl,5.0,Common,37.9,Pet
153,0x44a496a49f7e3bedf40e5095c26d429b3a75c1f8,85717,3,0x10b385eb6c517943da02e58a76c97b5a16e1c31d,9.99,2021-06-29 05:13:55,Tiny Crown,10.0,Uncommon,29.97,Head
154,0x44a496a49f7e3bedf40e5095c26d429b3a75c1f8,121958,1,0x5a87f5527f95f4bd220944a25f417c9aa3264efe,9.8,2021-06-29 05:02:59,Tiny Crown,10.0,Uncommon,9.8,Head
155,0x36376646e7e1bf27729c70a549e99b21a1e39fcd,121844,1,0x82d047751bc7dfd6cc6675c9362aa67f97609b18,4.0,2021-06-29 01:37:56,Vote Sign,5.0,Common,4.0,Hand
156,0x8b200f4c81c54d9014b4cda3f16501069fa20ab9,121937,1,0xe88632728ed377f556cb964e6f670f6017d497e4,8.99,2021-06-29 00:14:34,Camo Pants,5.0,Common,8.99,Body
157,0x8b200f4c81c54d9014b4cda3f16501069fa20ab9,121847,1,0x5a87f5527f95f4bd220944a25f417c9aa3264efe,3.9,2021-06-29 00:12:24,Vote Sign,5.0,Common,3.9,Hand
158,0x8b200f4c81c54d9014b4cda3f16501069fa20ab9,121956,1,0x83111e1888c1e49e8703e248edeaa34ef868a1de,5.0,2021-06-29 00:08:10,MK2 Grenade,5.0,Common,5.0,Hand
159,0x95ac8d067e3501063fa95f17758da79d4caac37f,121914,1,0x88a1303994f0c906d8c0ee9c72fe17f627ed9f48,350.0,2021-06-28 18:59:58,Gentleman Coat,300.0,Legendary,350.0,Body
160,0xf06b10cc81d64d2f01ba789d24426db7cf23cd20,98604,1,0x33c01376c5f53a2b9d623b833f2f77f9b118a8c0,14.0,2021-06-28 18:24:06,Dragon Horns,10.0,Uncommon,14.0,Head
161,0x60ed33735c9c29ec2c26b8ec734e36d5b6fa1eab,119053,1,0xfbdd5c349d1686d7b15b27f47217c55fe93d2bfc,7.0,2021-06-28 17:40:36,Straw Hat,5.0,Common,7.0,Head
162,0x2b29518e5ac3eda4cfc138facd6f023bffc5d65a,121913,1,0x88a1303994f0c906d8c0ee9c72fe17f627ed9f48,330.0,2021-06-28 17:01:06,Track Suit,300.0,Legendary,330.0,Body
163,0xffea5a2cfaf1aafbb87a1fe4eed5413da45c30a0,115172,1,0x10b385eb6c517943da02e58a76c97b5a16e1c31d,9.99,2021-06-28 14:35:43,Big GHST Token,5.0,Common,9.99,Hand
164,0x5761ac2e1cb06cc3f8e1dd7e40b358bb35558def,121876,1,0x8560f3aa7c2522bfeabca88bb8f5f55efe9611fe,6.95,2021-06-28 13:38:12,MK2 Grenade,5.0,Common,6.95,Hand
165,0x5761ac2e1cb06cc3f8e1dd7e40b358bb35558def,121871,1,0x8560f3aa7c2522bfeabca88bb8f5f55efe9611fe,6.95,2021-06-28 12:26:47,MK2 Grenade,5.0,Common,6.95,Hand
166,0x795f50722cf5ad82f78dda8dc8f7b235332977c3,114502,1,0x7b5c5dc9dbd80833a42ae7cf1fa764b7773fdd3e,899.0,2021-06-28 10:47:59,Ape Mask,300.0,Legendary,899.0,Head
167,0x795f50722cf5ad82f78dda8dc8f7b235332977c3,121800,1,0x265b81d155673c607cf86c335ee5779eaee89ff4,480.0,2021-06-28 10:47:23,REKT Sign,300.0,Legendary,480.0,Hand
168,0x795f50722cf5ad82f78dda8dc8f7b235332977c3,120059,1,0xaec41d6c79ee13f26f4982106463a0bbd6cc31dc,1111.0,2021-06-28 10:46:57,Waifu Pillow,300.0,Legendary,1111.0,Hand
169,0x0bb75bef057da63a0ae4b25fe9adafd35cd92b87,121851,1,0x2f3045ce8f70757e5cbad58215134aedaf2e4ca4,7.0,2021-06-28 10:24:29,MK2 Grenade,5.0,Common,7.0,Hand
170,0x0bb75bef057da63a0ae4b25fe9adafd35cd92b87,121853,1,0x8560f3aa7c2522bfeabca88bb8f5f55efe9611fe,6.9,2021-06-28 10:16:45,MK2 Grenade,5.0,Common,6.9,Hand
171,0x0bb75bef057da63a0ae4b25fe9adafd35cd92b87,121835,2,0x8560f3aa7c2522bfeabca88bb8f5f55efe9611fe,5.95,2021-06-28 10:16:25,Camo Pants,5.0,Common,11.9,Body
172,0x8b8b67cd569882e9f200a58e875802e5017d88c0,121496,1,0x3a05fed22136b55cd3e4e9e60cf559539e691c49,89.0,2021-06-28 09:16:05,Lil Pump Goatee,10.0,Uncommon,89.0,Face
173,0x8560f3aa7c2522bfeabca88bb8f5f55efe9611fe,121819,2,0xe913a5fe3faa5f0fa0d420c87337c7cb99a0c6e5,4.0,2021-06-28 07:58:37,MK2 Grenade,5.0,Common,8.0,Hand
174,0x2f3045ce8f70757e5cbad58215134aedaf2e4ca4,121819,1,0xe913a5fe3faa5f0fa0d420c87337c7cb99a0c6e5,4.0,2021-06-28 07:58:21,MK2 Grenade,5.0,Common,4.0,Hand
175,0x8560f3aa7c2522bfeabca88bb8f5f55efe9611fe,121819,4,0xe913a5fe3faa5f0fa0d420c87337c7cb99a0c6e5,4.0,2021-06-28 07:56:07,MK2 Grenade,5.0,Common,16.0,Hand
176,0x8560f3aa7c2522bfeabca88bb8f5f55efe9611fe,121821,2,0xe913a5fe3faa5f0fa0d420c87337c7cb99a0c6e5,0.8,2021-06-28 07:55:21,Camo Pants,5.0,Common,1.6,Body
177,0x8560f3aa7c2522bfeabca88bb8f5f55efe9611fe,121821,10,0xe913a5fe3faa5f0fa0d420c87337c7cb99a0c6e5,0.8,2021-06-28 07:55:03,Camo Pants,5.0,Common,8.0,Body
178,0xe88632728ed377f556cb964e6f670f6017d497e4,121821,1,0xe913a5fe3faa5f0fa0d420c87337c7cb99a0c6e5,0.8,2021-06-28 07:54:39,Camo Pants,5.0,Common,0.8,Body
179,0xe88632728ed377f556cb964e6f670f6017d497e4,121821,1,0xe913a5fe3faa5f0fa0d420c87337c7cb99a0c6e5,0.8,2021-06-28 07:54:19,Camo Pants,5.0,Common,0.8,Body
180,0xffea5a2cfaf1aafbb87a1fe4eed5413da45c30a0,82796,1,0x9c996920777a695f04df15b49bb81f442ac75df5,15.0,2021-06-28 05:06:14,Elf Ears,5.0,Common,15.0,Face
181,0xffea5a2cfaf1aafbb87a1fe4eed5413da45c30a0,120065,1,0xaec41d6c79ee13f26f4982106463a0bbd6cc31dc,135.0,2021-06-28 04:51:26,Thaave Helmet,100.0,Rare,135.0,Head
182,0xffea5a2cfaf1aafbb87a1fe4eed5413da45c30a0,121324,1,0x1a8d886d3a4a2d2aeb817ebb781f0683351538b1,99.9888,2021-06-28 04:51:10,Thaave Suit,100.0,Rare,99.9888,Body
183,0x027b6146248b3a7648e7c7e243bd01e1704bc3ca,121682,1,0x2213aba7232bfd36586b0f4f61c977d95ebd3d94,7.9,2021-06-28 04:19:50,32 ETH Coin,5.0,Common,7.9,Hand
184,0xc94d24961abdc547ee466b8563f86c3a1afa8bd4,121190,1,0x5aa59e166e4405c05abf85ad44a8ed84a1d51a06,13.9,2021-06-28 04:02:08,Common Wizard Staff,5.0,Common,13.9,Hand
185,0xc94d24961abdc547ee466b8563f86c3a1afa8bd4,121571,1,0x027b6146248b3a7648e7c7e243bd01e1704bc3ca,13.8,2021-06-28 04:01:52,Common Wizard Staff,5.0,Common,13.8,Hand
186,0xc94d24961abdc547ee466b8563f86c3a1afa8bd4,119993,1,0x9b411116f92504562edcf3a1b14ae226bc1489fc,14.99,2021-06-28 03:59:44,Cool shades,5.0,Common,14.99,Eyes
187,0xc94d24961abdc547ee466b8563f86c3a1afa8bd4,116099,1,0x026ad6ecd5124809d5f3b393f6a94ac195ca55b9,15.0,2021-06-28 03:54:04,ETH Logo Glasses,5.0,Common,15.0,Eyes
188,0xc94d24961abdc547ee466b8563f86c3a1afa8bd4,121682,1,0x2213aba7232bfd36586b0f4f61c977d95ebd3d94,7.9,2021-06-28 03:53:52,32 ETH Coin,5.0,Common,7.9,Hand
189,0xc94d24961abdc547ee466b8563f86c3a1afa8bd4,119051,1,0xfd41bef1fd45d7db65fb8f4cd3804e4c8daff6b9,8.99,2021-06-28 03:53:34,ETH Tshirt,5.0,Common,8.99,Body
190,0xffea5a2cfaf1aafbb87a1fe4eed5413da45c30a0,121645,1,0x1a8d886d3a4a2d2aeb817ebb781f0683351538b1,14.988,2021-06-28 03:41:06,Elf Ears,5.0,Common,14.988,Face
191,0xc94d24961abdc547ee466b8563f86c3a1afa8bd4,121513,1,0xcd6c1eef36ced2ec98ce4291d9ed32ffb9230ab7,13.0,2021-06-28 03:33:44,Cool shades,5.0,Common,13.0,Eyes
192,0xc94d24961abdc547ee466b8563f86c3a1afa8bd4,121517,1,0xcd6c1eef36ced2ec98ce4291d9ed32ffb9230ab7,80.0,2021-06-28 03:32:00,Lil Pump Goatee,10.0,Uncommon,80.0,Face
193,0xffea5a2cfaf1aafbb87a1fe4eed5413da45c30a0,119806,1,0xbb403d793dda52f8512950953771b7c341086120,24.9,2021-06-28 02:24:48,Trezor Wallet,10.0,Uncommon,24.9,Hand
194,0xffea5a2cfaf1aafbb87a1fe4eed5413da45c30a0,117282,1,0x75c32299da1395c5ba98c6e213f0deb1320a33cb,120.0,2021-06-28 02:22:38,Royal Scepter,100.0,Rare,120.0,Hand
195,0xffea5a2cfaf1aafbb87a1fe4eed5413da45c30a0,119714,1,0xe78d15ea83675cfb6c087ebbf8fe44e200cacc31,144.0,2021-06-28 01:33:30,Dragon Wings,100.0,Rare,144.0,Body
196,0x0bb75bef057da63a0ae4b25fe9adafd35cd92b87,121423,1,0x1a8d886d3a4a2d2aeb817ebb781f0683351538b1,12.988,2021-06-28 00:10:04,ETH Logo Glasses,5.0,Common,12.988,Eyes
197,0x0bb75bef057da63a0ae4b25fe9adafd35cd92b87,121743,1,0x8560f3aa7c2522bfeabca88bb8f5f55efe9611fe,3.98,2021-06-27 20:31:14,Vote Sign,5.0,Common,3.98,Hand
198,0xffea5a2cfaf1aafbb87a1fe4eed5413da45c30a0,121702,1,0x5a87f5527f95f4bd220944a25f417c9aa3264efe,4.25,2021-06-27 19:21:32,Vote Sign,5.0,Common,4.25,Hand
199,0xffea5a2cfaf1aafbb87a1fe4eed5413da45c30a0,121703,1,0x5a87f5527f95f4bd220944a25f417c9aa3264efe,9.35,2021-06-27 19:21:08,Snapshot Shirt,10.0,Uncommon,9.35,Body
200,0xffea5a2cfaf1aafbb87a1fe4eed5413da45c30a0,119291,1,0x29746c9d6b317c6df26ac1751d6cb03a55c1b8d5,84.0,2021-06-27 19:20:50,Snapshot Cap,100.0,Rare,84.0,Head
201,0xffea5a2cfaf1aafbb87a1fe4eed5413da45c30a0,121558,1,0x88a1303994f0c906d8c0ee9c72fe17f627ed9f48,400.0,2021-06-27 19:03:32,Pointy Horns,300.0,Legendary,400.0,Head
202,0xffea5a2cfaf1aafbb87a1fe4eed5413da45c30a0,121140,1,0xb53cf0a586973ab15c0a045990d06b4fa083dd5a,212.0,2021-06-27 18:27:14,DAO Egg,100.0,Rare,212.0,Hand
203,0x78bc45558b303945f885b2df748889295e9dfc3e,121626,1,0x5a87f5527f95f4bd220944a25f417c9aa3264efe,13.9,2021-06-27 18:22:34,Polygon Shirt,10.0,Uncommon,13.9,Body
204,0xffea5a2cfaf1aafbb87a1fe4eed5413da45c30a0,120776,1,0x7bb8705a3581f549c039401903251aa010ade9c6,95.0,2021-06-27 17:53:38,Royal Scepter,100.0,Rare,95.0,Hand
205,0x78bc45558b303945f885b2df748889295e9dfc3e,120573,1,0x6fe0e8bdac611e9df3334cdae26062ba621c434e,80.0,2021-06-27 17:47:42,Eagle Mask,100.0,Rare,80.0,Head
206,0xffea5a2cfaf1aafbb87a1fe4eed5413da45c30a0,121694,1,0x1a8d886d3a4a2d2aeb817ebb781f0683351538b1,94.988,2021-06-27 17:47:14,Royal Scepter,100.0,Rare,94.988,Hand
207,0xffea5a2cfaf1aafbb87a1fe4eed5413da45c30a0,120469,1,0x3a05fed22136b55cd3e4e9e60cf559539e691c49,360.0,2021-06-27 16:52:22,Witchy Hat,300.0,Legendary,360.0,Head
208,0x51208e5cc9215c6360210c48f81c8270637a5218,121659,1,0x44a496a49f7e3bedf40e5095c26d429b3a75c1f8,13.0,2021-06-27 14:08:10,Fireball,5.0,Common,13.0,Hand
209,0xe29555e804e414e295e2a059fc49d002ec18f268,104257,1,0xe157d1c10368f6f265926a6b5f30f5e54273a8d1,9.0,2021-06-27 13:35:16,Pajama Hat,5.0,Common,9.0,Head
210,0xda1086a0cbe2d64c591b396954c794041fcaf3bd,118904,1,0x6e8d1cc55c33850102b7d8ababd7a16ce976d2e2,8700.0,2021-06-27 13:25:54,Aave Flag,2000.0,Mythical,8700.0,Hand
211,0xda1086a0cbe2d64c591b396954c794041fcaf3bd,118828,1,0x137c0f7d6b2558edf5b8f69eec0635dd43fad6af,8900.0,2021-06-27 13:25:22,Aave Flag,2000.0,Mythical,8900.0,Hand
212,0xda1086a0cbe2d64c591b396954c794041fcaf3bd,121209,1,0xa532f169cee0e551d4da641031ac78fd85461035,10400.0,2021-06-27 13:22:04,Sergey Eyes,2000.0,Mythical,10400.0,Eyes
213,0xda1086a0cbe2d64c591b396954c794041fcaf3bd,118910,1,0x9ff84b91998df96a6587db8dde8d4e47518107d6,3332.9999999999995,2021-06-27 13:17:30,Red Hawaiian Shirt,2000.0,Mythical,3332.9999999999995,Body
214,0x6ea267bf02347458bc60745ecd6f333a2b5f800b,121692,1,0x29746c9d6b317c6df26ac1751d6cb03a55c1b8d5,100.0,2021-06-27 13:06:24,Marine Jacket,100.0,Rare,100.0,Body
215,0xb900c22e5eeb10ab8aa66a4e6d16e6a5ff9047e7,121624,1,0x5a87f5527f95f4bd220944a25f417c9aa3264efe,7.29,2021-06-27 12:44:52,Aave Hero Shirt,5.0,Common,7.29,Body
216,0xffea5a2cfaf1aafbb87a1fe4eed5413da45c30a0,121453,1,0x9ff84b91998df96a6587db8dde8d4e47518107d6,155.0,2021-06-27 11:50:51,Jamaican Flag,100.0,Rare,155.0,Hand
217,0x826088b7174bd1f07becf359025fa751e6ac11cb,118629,1,0xaa126ec5d4b0c1ae94dfb0d7176ce785af7d02ce,9.0,2021-06-27 11:26:22,Camo Pants,5.0,Common,9.0,Body
218,0xffea5a2cfaf1aafbb87a1fe4eed5413da45c30a0,121407,1,0x1a8d886d3a4a2d2aeb817ebb781f0683351538b1,118.888,2021-06-27 10:18:53,Foxy Tail,10.0,Uncommon,118.888,Body
219,0xc3c2e1cf099bc6e1fa94ce358562bcbd5cc59fe5,121589,1,0xd41213c320d05c0b6882edf1021328939aa18be6,45.0,2021-06-27 08:48:25,Water bottle,10.0,Uncommon,45.0,Hand
220,0xe0cda6a98bddf22051b3a2295521a77bb6ebaecd,120917,1,0xfbdd5c349d1686d7b15b27f47217c55fe93d2bfc,64.0,2021-06-27 06:39:57,Wizard Visor,5.0,Common,64.0,Eyes
221,0xe0cda6a98bddf22051b3a2295521a77bb6ebaecd,82796,1,0x9c996920777a695f04df15b49bb81f442ac75df5,15.0,2021-06-27 05:04:33,Elf Ears,5.0,Common,15.0,Face
222,0xe0cda6a98bddf22051b3a2295521a77bb6ebaecd,120975,1,0x1a8d886d3a4a2d2aeb817ebb781f0683351538b1,13.988,2021-06-27 05:04:01,Gemstone Ring,10.0,Uncommon,13.988,Hand
223,0xe0cda6a98bddf22051b3a2295521a77bb6ebaecd,119310,1,0x0c404f55595ab844d519a084ff1b8cb36aaad1d1,89.0,2021-06-27 05:03:27,Princess Tiara,100.0,Rare,89.0,Head
224,0xe0cda6a98bddf22051b3a2295521a77bb6ebaecd,120413,1,0x2f08d099c60823ce5955e747909d216dcbc9bf21,140.0,2021-06-27 05:03:05,Lil Pump Drank,100.0,Rare,140.0,Hand
225,0xe0cda6a98bddf22051b3a2295521a77bb6ebaecd,120939,1,0x63350b1649c34d3135cef63b9d1369f8bb66bab3,400.0,2021-06-27 05:02:43,Gold Necklace,300.0,Legendary,400.0,Body
226,0xffea5a2cfaf1aafbb87a1fe4eed5413da45c30a0,104257,1,0xe157d1c10368f6f265926a6b5f30f5e54273a8d1,9.0,2021-06-27 03:43:55,Pajama Hat,5.0,Common,9.0,Head
227,0xffea5a2cfaf1aafbb87a1fe4eed5413da45c30a0,120673,1,0x101addc07d63a6b35b199153252168ab9889dca1,9.4,2021-06-27 03:43:29,Pajama Shirt,10.0,Uncommon,9.4,Body
228,0xffea5a2cfaf1aafbb87a1fe4eed5413da45c30a0,118629,1,0xaa126ec5d4b0c1ae94dfb0d7176ce785af7d02ce,9.0,2021-06-27 01:56:49,Camo Pants,5.0,Common,9.0,Body
229,0x58133228c272cd671c5f0072fe12beb9f41e50fd,118848,1,0xc2e4af5c3e72d44be02ef922823d43f96790bbd6,550.0,2021-06-27 01:56:15,Link White Hat,300.0,Legendary,550.0,Head
230,0xffea5a2cfaf1aafbb87a1fe4eed5413da45c30a0,120683,1,0x101addc07d63a6b35b199153252168ab9889dca1,24.0,2021-06-27 01:50:51,Imperial Moustache,5.0,Common,24.0,Face
231,0xcc84cc9462e4f1f45597c584123ee31cd7e5864b,118818,1,0x279322ca10987bb236902dbddb85e9e676cf7a0d,75.0,2021-06-27 01:34:01,M67 Grenade,10.0,Uncommon,75.0,Hand
232,0xffea5a2cfaf1aafbb87a1fe4eed5413da45c30a0,120619,1,0x90ef65e04dfa51e14b16206d79782c978a2cc033,11.0,2021-06-27 01:06:51,Elf Ears,5.0,Common,11.0,Face
233,0xffea5a2cfaf1aafbb87a1fe4eed5413da45c30a0,121432,1,0x1a8d886d3a4a2d2aeb817ebb781f0683351538b1,10.988,2021-06-27 01:06:33,Elf Ears,5.0,Common,10.988,Face
234,0xe1690f5153ad0bbc683964aa81645c49b3cf6567,121587,1,0x1a8d886d3a4a2d2aeb817ebb781f0683351538b1,89.98,2021-06-26 23:48:11,Royal Scepter,100.0,Rare,89.98,Hand
235,0xffea5a2cfaf1aafbb87a1fe4eed5413da45c30a0,85717,1,0x10b385eb6c517943da02e58a76c97b5a16e1c31d,9.99,2021-06-26 22:01:05,Tiny Crown,10.0,Uncommon,9.99,Head
236,0xffea5a2cfaf1aafbb87a1fe4eed5413da45c30a0,121409,1,0x1a8d886d3a4a2d2aeb817ebb781f0683351538b1,89.98,2021-06-26 22:00:33,Royal Scepter,100.0,Rare,89.98,Hand
237,0x0bb75bef057da63a0ae4b25fe9adafd35cd92b87,121132,1,0x43ff4c088df0a425d1a519d3030a1a3dfff05cfd,8.0,2021-06-26 21:03:45,MK2 Grenade,5.0,Common,8.0,Hand
238,0x0bb75bef057da63a0ae4b25fe9adafd35cd92b87,121394,1,0xe29555e804e414e295e2a059fc49d002ec18f268,82.0,2021-06-26 20:53:59,Thaave Helmet,100.0,Rare,82.0,Head
239,0xcc84cc9462e4f1f45597c584123ee31cd7e5864b,121395,12,0xe29555e804e414e295e2a059fc49d002ec18f268,6.5,2021-06-26 20:18:21,32 ETH Coin,5.0,Common,78.0,Hand
240,0x505d867c40931bf56393f23cfa766fff8fa406e3,120613,1,0x90ef65e04dfa51e14b16206d79782c978a2cc033,8.8,2021-06-26 20:17:29,Pajama Hat,5.0,Common,8.8,Head
241,0x505d867c40931bf56393f23cfa766fff8fa406e3,117507,1,0xa5ba6ae9cdf56761be100a33de63363660ef744a,8.5,2021-06-26 20:17:01,Pajama Hat,5.0,Common,8.5,Head
242,0xcc84cc9462e4f1f45597c584123ee31cd7e5864b,115172,2,0x10b385eb6c517943da02e58a76c97b5a16e1c31d,9.99,2021-06-26 20:13:09,Big GHST Token,5.0,Common,19.98,Hand
243,0xcc84cc9462e4f1f45597c584123ee31cd7e5864b,121501,1,0xfbdd5c349d1686d7b15b27f47217c55fe93d2bfc,9.9,2021-06-26 19:49:57,Common Wizard Staff,5.0,Common,9.9,Hand
244,0xffea5a2cfaf1aafbb87a1fe4eed5413da45c30a0,121524,1,0xf8a5552f5af4d325aba476c190a04e633d7e23f4,63.0,2021-06-26 19:41:53,Wizard Visor,5.0,Common,63.0,Eyes
245,0xffea5a2cfaf1aafbb87a1fe4eed5413da45c30a0,117073,1,0x830437c8d234c61ae6bffbc11f2b885e6e934554,9.9,2021-06-26 19:41:21,Big GHST Token,5.0,Common,9.9,Hand
246,0x5761ac2e1cb06cc3f8e1dd7e40b358bb35558def,120055,2,0xaec41d6c79ee13f26f4982106463a0bbd6cc31dc,14.0,2021-06-26 09:28:14,Bitcoin Beanie,10.0,Uncommon,28.0,Head
247,0x5761ac2e1cb06cc3f8e1dd7e40b358bb35558def,121216,1,0x6ef680abfc9c8e60ebd5813ce724b75af4591cdd,17.0,2021-06-26 09:23:58,Aave Hero Mask,5.0,Common,17.0,Face
248,0x6a78a2a786b74704c94d0a6245f2233f70d22161,121206,1,0x1a8d886d3a4a2d2aeb817ebb781f0683351538b1,78.88,2021-06-26 06:29:14,Uncommon Rofl,10.0,Uncommon,78.88,Pet
249,0xc94d24961abdc547ee466b8563f86c3a1afa8bd4,120055,1,0xaec41d6c79ee13f26f4982106463a0bbd6cc31dc,14.0,2021-06-26 05:09:13,Bitcoin Beanie,10.0,Uncommon,14.0,Head
250,0xc94d24961abdc547ee466b8563f86c3a1afa8bd4,121426,1,0x5761ac2e1cb06cc3f8e1dd7e40b358bb35558def,60.0,2021-06-26 05:05:03,Wizard Visor,5.0,Common,60.0,Eyes
251,0xc94d24961abdc547ee466b8563f86c3a1afa8bd4,121283,2,0x2d03e6d1001e486d1e58690fc7cb3fe3f87c1149,13.9,2021-06-26 05:03:39,Common Wizard Staff,5.0,Common,27.8,Hand
252,0xc94d24961abdc547ee466b8563f86c3a1afa8bd4,121420,2,0x8f688a91695f7d2a1e93e57cedcbf5c5202f617b,18.5,2021-06-26 05:02:39,Common Wizard Hat,5.0,Common,37.0,Head
253,0xc94d24961abdc547ee466b8563f86c3a1afa8bd4,121251,1,0x5f3b8034b8bc5715ddbc6aba5fceb99b3e223e9c,149.0,2021-06-26 04:45:23,Walkie Talkie,100.0,Rare,149.0,Hand
254,0xc94d24961abdc547ee466b8563f86c3a1afa8bd4,116769,1,0x744e44982b1cc073c13fb428a9a7a15aea6f6ef1,135.0,2021-06-26 04:44:43,Marine Jacket,100.0,Rare,135.0,Body
255,0xc94d24961abdc547ee466b8563f86c3a1afa8bd4,90927,1,0x7904adb48351af7b835cb061316795d5226b7f1a,100.0,2021-06-26 04:44:31,Marine Cap,100.0,Rare,100.0,Head
256,0x826088b7174bd1f07becf359025fa751e6ac11cb,115978,1,0x0628ff854c191d4b80d2f07b3f1a39d878cd2e3a,25.0,2021-06-26 04:37:57,Captain Aave Suit,10.0,Uncommon,25.0,Body
257,0x2213aba7232bfd36586b0f4f61c977d95ebd3d94,115978,1,0x0628ff854c191d4b80d2f07b3f1a39d878cd2e3a,25.0,2021-06-26 00:51:27,Captain Aave Suit,10.0,Uncommon,25.0,Body
258,0x76e059c6ff6bf9fffd5f33afdf4ab2fd511c9df4,121408,1,0x1a8d886d3a4a2d2aeb817ebb781f0683351538b1,16.988,2021-06-26 00:37:47,Aave Hero Mask,5.0,Common,16.988,Face
259,0x76e059c6ff6bf9fffd5f33afdf4ab2fd511c9df4,120684,1,0x101addc07d63a6b35b199153252168ab9889dca1,13.5,2021-06-26 00:32:55,ETH Logo Glasses,5.0,Common,13.5,Eyes
260,0x76e059c6ff6bf9fffd5f33afdf4ab2fd511c9df4,120684,1,0x101addc07d63a6b35b199153252168ab9889dca1,13.5,2021-06-26 00:30:49,ETH Logo Glasses,5.0,Common,13.5,Eyes
261,0x73b46a49e5f92480710b07be849500b772b6a995,121406,1,0x1a8d886d3a4a2d2aeb817ebb781f0683351538b1,10.988,2021-06-26 00:00:24,Elf Ears,5.0,Common,10.988,Face
262,0x5761ac2e1cb06cc3f8e1dd7e40b358bb35558def,121421,2,0x8f688a91695f7d2a1e93e57cedcbf5c5202f617b,50.0,2021-06-25 21:17:17,Wizard Visor,5.0,Common,100.0,Eyes
263,0xaf51e6e946263e1d7b474073ee64ea0c5bc01da9,117141,1,0x3a120fdd1260422fc76cb5c7e9b5e6f292c96b56,8.0,2021-06-25 20:13:01,Aave Hero Shirt,5.0,Common,8.0,Body
264,0x5ea61c2d641faf0368deb0c0790dd6a4ee8b23ff,120976,1,0x1a8d886d3a4a2d2aeb817ebb781f0683351538b1,12.988,2021-06-25 20:11:15,ETH Logo Glasses,5.0,Common,12.988,Eyes
265,0x5ea61c2d641faf0368deb0c0790dd6a4ee8b23ff,121103,1,0xfbdd5c349d1686d7b15b27f47217c55fe93d2bfc,18.9,2021-06-25 19:55:55,Common Wizard Hat,5.0,Common,18.9,Head
266,0xb222525a29c7f35d826b3832501d5e980498ae63,115927,1,0x339a9d7d7000f31af102a885089d3de936a4a8a4,7.39,2021-06-25 16:45:32,Aave Hero Shirt,5.0,Common,7.39,Body
267,0x7989e741e0859b8c46475424c1a4a95d7f91eea3,121310,1,0x0bb75bef057da63a0ae4b25fe9adafd35cd92b87,8.0,2021-06-25 15:44:57,Pajama Hat,5.0,Common,8.0,Head
268,0xcfdd1871c4f267fae9db9e7c84a82f99d2d959b4,121080,2,0x3f0c46fd387de612ea24cb0c21d06e430da02fd1,4.9,2021-06-25 15:18:08,Vote Sign,5.0,Common,9.8,Hand
269,0xcfdd1871c4f267fae9db9e7c84a82f99d2d959b4,121211,1,0xed7d2286152b3ac0151b06e4f3dfba37acc5a634,82.99,2021-06-25 15:17:46,Snapshot Cap,100.0,Rare,82.99,Head
270,0xcfdd1871c4f267fae9db9e7c84a82f99d2d959b4,121321,1,0x2213aba7232bfd36586b0f4f61c977d95ebd3d94,10.0,2021-06-25 15:16:28,Snapshot Shirt,10.0,Uncommon,10.0,Body
271,0x0bb75bef057da63a0ae4b25fe9adafd35cd92b87,121084,2,0x3f0c46fd387de612ea24cb0c21d06e430da02fd1,6.8,2021-06-25 13:51:08,32 ETH Coin,5.0,Common,13.6,Hand
272,0x0bb75bef057da63a0ae4b25fe9adafd35cd92b87,121080,2,0x3f0c46fd387de612ea24cb0c21d06e430da02fd1,4.9,2021-06-25 13:49:44,Vote Sign,5.0,Common,9.8,Hand
273,0x0bb75bef057da63a0ae4b25fe9adafd35cd92b87,85717,1,0x10b385eb6c517943da02e58a76c97b5a16e1c31d,9.99,2021-06-25 13:30:20,Tiny Crown,10.0,Uncommon,9.99,Head
274,0x0bb75bef057da63a0ae4b25fe9adafd35cd92b87,120061,1,0xaec41d6c79ee13f26f4982106463a0bbd6cc31dc,80.0,2021-06-25 13:27:48,Eagle Mask,100.0,Rare,80.0,Head
275,0x0bb75bef057da63a0ae4b25fe9adafd35cd92b87,120700,1,0xed7d2286152b3ac0151b06e4f3dfba37acc5a634,4.99,2021-06-25 13:04:29,L2 Sign,5.0,Common,4.99,Hand
276,0x26cf02f892b04af4cf350539ce2c77fcf79ec172,119290,1,0x29746c9d6b317c6df26ac1751d6cb03a55c1b8d5,9.8,2021-06-25 11:23:42,Snapshot Shirt,10.0,Uncommon,9.8,Body
277,0x9346c01def77c612b1c8e1ccf5ac6e15fe4c17e4,118359,1,0x75d5ced39b418d5e25f4a05db87fcc8bceed7e66,400.0,2021-06-25 06:33:27,Rare Rofl,100.0,Rare,400.0,Pet
278,0x5f3b8034b8bc5715ddbc6aba5fceb99b3e223e9c,121138,1,0xb53cf0a586973ab15c0a045990d06b4fa083dd5a,825.0,2021-06-25 06:15:55,Water Jug,300.0,Legendary,825.0,Hand
279,0x446d62cd72abed64c21c8cc2ec05a102332073ce,121215,1,0x6ef680abfc9c8e60ebd5813ce724b75af4591cdd,53.0,2021-06-25 05:25:47,Wizard Visor,5.0,Common,53.0,Eyes
280,0x4e7bf3694962fc482a16d60fd78f99db9c4c52b0,120627,1,0x0b31e9737fee75157a9aa775e35a43dec1dc2059,500.0,2021-06-25 03:27:09,Red Santa Hat,0.0,Rare,500.0,Head
281,0x45c7811c459a43d0c17ef18f33a2c8921ac4ecf8,120474,1,0x3a05fed22136b55cd3e4e9e60cf559539e691c49,38.0,2021-06-25 02:42:01,Common Rofl,5.0,Common,38.0,Pet
282,0x45c7811c459a43d0c17ef18f33a2c8921ac4ecf8,121079,1,0x3f0c46fd387de612ea24cb0c21d06e430da02fd1,5.0,2021-06-25 02:41:31,Big GHST Token,5.0,Common,5.0,Hand
283,0x45c7811c459a43d0c17ef18f33a2c8921ac4ecf8,121078,1,0x3f0c46fd387de612ea24cb0c21d06e430da02fd1,5.0,2021-06-25 02:40:53,Aave Hero Shirt,5.0,Common,5.0,Body
284,0x45c7811c459a43d0c17ef18f33a2c8921ac4ecf8,121081,1,0x3f0c46fd387de612ea24cb0c21d06e430da02fd1,56.5,2021-06-25 02:39:19,Wizard Visor,5.0,Common,56.5,Eyes
285,0x45c7811c459a43d0c17ef18f33a2c8921ac4ecf8,120606,1,0x90ef65e04dfa51e14b16206d79782c978a2cc033,14.0,2021-06-25 02:37:17,Fireball,5.0,Common,14.0,Hand
286,0x019ed608dd806b80193942f2a960e7ac8abb2ee3,120740,1,0x730ca23bcd88802da1e19766db0a98e005d8fda1,324.0,2021-06-24 22:47:04,Witchy Hat,300.0,Legendary,324.0,Head
287,0x5ce676b01adf27de6b7637b6dee71f01a109a198,120126,1,0x76e059c6ff6bf9fffd5f33afdf4ab2fd511c9df4,5.0,2021-06-24 22:23:58,ETH Tshirt,5.0,Common,5.0,Body
288,0x5ce676b01adf27de6b7637b6dee71f01a109a198,119091,3,0x9d3f10f5d553dda3f36e09ab0c3c757ba99e8894,5.0,2021-06-24 22:23:34,ETH Tshirt,5.0,Common,15.0,Body
289,0x5ce676b01adf27de6b7637b6dee71f01a109a198,119091,1,0x9d3f10f5d553dda3f36e09ab0c3c757ba99e8894,5.0,2021-06-24 22:23:16,ETH Tshirt,5.0,Common,5.0,Body
290,0x26cf02f892b04af4cf350539ce2c77fcf79ec172,120677,1,0x101addc07d63a6b35b199153252168ab9889dca1,14.0,2021-06-24 21:39:08,Polygon Shirt,10.0,Uncommon,14.0,Body
291,0x73b46a49e5f92480710b07be849500b772b6a995,120483,1,0x8c779811306cee2fafc908c557ccb4be9ff20a01,65.0,2021-06-24 20:50:11,Uncommon Rofl,10.0,Uncommon,65.0,Pet
292,0x73b46a49e5f92480710b07be849500b772b6a995,120911,1,0xe3601aa8774cd35bd07ddefa8aa1b893bd0b9ed3,37.9,2021-06-24 20:46:19,Common Rofl,5.0,Common,37.9,Pet
293,0x5aa59e166e4405c05abf85ad44a8ed84a1d51a06,121083,3,0x3f0c46fd387de612ea24cb0c21d06e430da02fd1,8.7,2021-06-24 20:00:27,Common Wizard Staff,5.0,Common,26.099999999999998,Hand
294,0x783dca6f7b25e155123a5ea77ff2f7dd1deeef85,121147,1,0x8560f3aa7c2522bfeabca88bb8f5f55efe9611fe,125.0,2021-06-24 18:08:12,Skateboard,100.0,Rare,125.0,Hand
295,0x35001a8bdb3a224d05f086094c12fd4c9009986d,121071,1,0x3f0c46fd387de612ea24cb0c21d06e430da02fd1,84.5,2021-06-24 13:48:07,Thaave Helmet,100.0,Rare,84.5,Head
296,0x39001877121f282464112926294459638214e7bd,118628,1,0xaa126ec5d4b0c1ae94dfb0d7176ce785af7d02ce,9.0,2021-06-24 12:41:49,Camo Hat,5.0,Common,9.0,Head
297,0x39001877121f282464112926294459638214e7bd,118629,1,0xaa126ec5d4b0c1ae94dfb0d7176ce785af7d02ce,9.0,2021-06-24 12:39:53,Camo Pants,5.0,Common,9.0,Body
298,0x636db7553dfb9c87dce1a5edf117edcaff1b650a,121073,1,0x3f0c46fd387de612ea24cb0c21d06e430da02fd1,59.0,2021-06-24 11:26:41,Captain Aave Shield,10.0,Uncommon,59.0,Hand
299,0x636db7553dfb9c87dce1a5edf117edcaff1b650a,121074,1,0x3f0c46fd387de612ea24cb0c21d06e430da02fd1,28.0,2021-06-24 11:25:49,Captain Aave Mask,10.0,Uncommon,28.0,Head
300,0x636db7553dfb9c87dce1a5edf117edcaff1b650a,121076,1,0x3f0c46fd387de612ea24cb0c21d06e430da02fd1,19.0,2021-06-24 11:25:37,Captain Aave Suit,10.0,Uncommon,19.0,Body
301,0x7fd93c8cfd654b24ef2c4b5fa36d41bea4cf2f90,120570,1,0x3a05fed22136b55cd3e4e9e60cf559539e691c49,349.0,2021-06-24 10:09:09,Track Suit,300.0,Legendary,349.0,Body
302,0x7fd93c8cfd654b24ef2c4b5fa36d41bea4cf2f90,117563,1,0xe82c15d07ee5bc5274ccff897c91eb2ab1326d0d,8.5,2021-06-24 09:55:43,Farmer Jeans,5.0,Common,8.5,Body
303,0x7fd93c8cfd654b24ef2c4b5fa36d41bea4cf2f90,116533,1,0x9a84e06d9bc2254c82f5dc70e089896aa24609fe,11.0,2021-06-24 09:47:31,Miner Helmet,10.0,Uncommon,11.0,Head
304,0x7fd93c8cfd654b24ef2c4b5fa36d41bea4cf2f90,120071,1,0xaec41d6c79ee13f26f4982106463a0bbd6cc31dc,9.0,2021-06-24 09:47:13,Miner Jeans,10.0,Uncommon,9.0,Body
305,0x26cf02f892b04af4cf350539ce2c77fcf79ec172,121080,1,0x3f0c46fd387de612ea24cb0c21d06e430da02fd1,4.9,2021-06-24 09:45:27,Vote Sign,5.0,Common,4.9,Hand
306,0x7fd93c8cfd654b24ef2c4b5fa36d41bea4cf2f90,119848,1,0x10b385eb6c517943da02e58a76c97b5a16e1c31d,9.99,2021-06-24 09:44:49,Pitchfork,5.0,Common,9.99,Hand
307,0x7fd93c8cfd654b24ef2c4b5fa36d41bea4cf2f90,120092,1,0x8dadff9eee13ccbcc35bb22e99416427d63ef8c9,9.5,2021-06-24 09:44:41,Pitchfork,5.0,Common,9.5,Hand
308,0x7fd93c8cfd654b24ef2c4b5fa36d41bea4cf2f90,120946,1,0x8560f3aa7c2522bfeabca88bb8f5f55efe9611fe,17.7,2021-06-24 09:42:37,Sweatband,10.0,Uncommon,17.7,Head
309,0x7fd93c8cfd654b24ef2c4b5fa36d41bea4cf2f90,120151,1,0x783dca6f7b25e155123a5ea77ff2f7dd1deeef85,9.0,2021-06-24 09:42:15,Track Shorts,10.0,Uncommon,9.0,Body
310,0x7fd93c8cfd654b24ef2c4b5fa36d41bea4cf2f90,120079,1,0xaec41d6c79ee13f26f4982106463a0bbd6cc31dc,9.0,2021-06-24 09:40:55,Track Shorts,10.0,Uncommon,9.0,Body
311,0x7fd93c8cfd654b24ef2c4b5fa36d41bea4cf2f90,120150,1,0x783dca6f7b25e155123a5ea77ff2f7dd1deeef85,10.0,2021-06-24 09:40:19,Miner Helmet,10.0,Uncommon,10.0,Head
312,0x1a8d886d3a4a2d2aeb817ebb781f0683351538b1,121070,1,0x3f0c46fd387de612ea24cb0c21d06e430da02fd1,84.5,2021-06-24 07:17:46,Thaave Suit,100.0,Rare,84.5,Body
313,0xb4845049cf818dccd320eb715c1a475b0cffa1c3,120691,1,0x101addc07d63a6b35b199153252168ab9889dca1,7.0,2021-06-24 02:44:34,Aave Hero Shirt,5.0,Common,7.0,Body
314,0xb4845049cf818dccd320eb715c1a475b0cffa1c3,120767,1,0x10b385eb6c517943da02e58a76c97b5a16e1c31d,9.99,2021-06-24 02:43:44,Aave Plush,5.0,Common,9.99,Hand
315,0xb4845049cf818dccd320eb715c1a475b0cffa1c3,96793,1,0x76d441e3e74c78d8ec8478b843b2b0c5b74ebdc2,20.0,2021-06-24 02:40:42,Snow Camo Hat,10.0,Uncommon,20.0,Head
316,0xb4845049cf818dccd320eb715c1a475b0cffa1c3,120949,1,0x5f2b6648a7b62bea1b4bc31edc318365fa7bb0ff,19.0,2021-06-24 02:40:32,Snow Camo Pants,10.0,Uncommon,19.0,Body
317,0xb4845049cf818dccd320eb715c1a475b0cffa1c3,120597,1,0x90ef65e04dfa51e14b16206d79782c978a2cc033,11.0,2021-06-24 02:27:20,Miner Jeans,10.0,Uncommon,11.0,Body
318,0xb4845049cf818dccd320eb715c1a475b0cffa1c3,120688,1,0x101addc07d63a6b35b199153252168ab9889dca1,9.0,2021-06-24 02:27:02,Miner Helmet,10.0,Uncommon,9.0,Head
319,0xb4845049cf818dccd320eb715c1a475b0cffa1c3,120944,1,0x43ff4c088df0a425d1a519d3030a1a3dfff05cfd,180.0,2021-06-24 02:26:36,Pickaxe,100.0,Rare,180.0,Hand
320,0xfe791b87f607ae6be8449e64d393c91be46a1245,121023,1,0xfcc8efc81d89fdc0075513fbe225eaf6034007bf,60.0,2021-06-24 02:00:43,Uncommon Rofl,10.0,Uncommon,60.0,Pet
321,0xe1a1d5c32888c5b140917b296e82cf3a448f37a6,121012,1,0x7aafaff095e89642dcea9f99b820af3613fdfd2e,3.99,2021-06-24 00:44:06,L2 Sign,5.0,Common,3.99,Hand
322,0xffea5a2cfaf1aafbb87a1fe4eed5413da45c30a0,120412,1,0x2f08d099c60823ce5955e747909d216dcbc9bf21,295.0,2021-06-23 22:43:59,Thaave Hammer,100.0,Rare,295.0,Hand
323,0xffea5a2cfaf1aafbb87a1fe4eed5413da45c30a0,119297,1,0x29746c9d6b317c6df26ac1751d6cb03a55c1b8d5,9.0,2021-06-23 21:09:55,Tiny Crown,10.0,Uncommon,9.0,Head
324,0xffea5a2cfaf1aafbb87a1fe4eed5413da45c30a0,52208,1,0x3e86eac93a2dbb4faeb8709d77d451aeda710ef9,350.0,2021-06-23 21:08:51,Sushi Knife,100.0,Rare,350.0,Hand
325,0xffea5a2cfaf1aafbb87a1fe4eed5413da45c30a0,103016,1,0x4947b8804e2d484f97c1e11ce565509641986848,600.0,2021-06-23 21:07:27,Link Mess Dress,300.0,Legendary,600.0,Body
326,0xffea5a2cfaf1aafbb87a1fe4eed5413da45c30a0,120972,1,0xe3601aa8774cd35bd07ddefa8aa1b893bd0b9ed3,23.9,2021-06-23 21:06:19,Imperial Moustache,5.0,Common,23.9,Face
327,0xffea5a2cfaf1aafbb87a1fe4eed5413da45c30a0,120940,1,0x63350b1649c34d3135cef63b9d1369f8bb66bab3,89.0,2021-06-23 21:05:39,Royal Scepter,100.0,Rare,89.0,Hand
328,0xffea5a2cfaf1aafbb87a1fe4eed5413da45c30a0,121000,1,0x1a8d886d3a4a2d2aeb817ebb781f0683351538b1,88.8888,2021-06-23 21:03:49,Royal Scepter,100.0,Rare,88.8888,Hand
329,0xffea5a2cfaf1aafbb87a1fe4eed5413da45c30a0,119986,1,0x1ea0537a2ce43e2ca26843f04c0d105f09b8bea6,75.0,2021-06-23 20:53:33,Aagent Fedora Hat,100.0,Rare,75.0,Head
330,0x63350b1649c34d3135cef63b9d1369f8bb66bab3,120986,2,0xa499df2bdae854093e5576c26c9e53e1b30d25e5,2.0,2021-06-23 19:35:01,MK2 Grenade,5.0,Common,4.0,Hand
331,0x63350b1649c34d3135cef63b9d1369f8bb66bab3,120984,2,0xa499df2bdae854093e5576c26c9e53e1b30d25e5,14.0,2021-06-23 19:32:19,MK2 Grenade,5.0,Common,28.0,Hand
332,0x63350b1649c34d3135cef63b9d1369f8bb66bab3,120982,2,0xa499df2bdae854093e5576c26c9e53e1b30d25e5,14.0,2021-06-23 19:30:01,MK2 Grenade,5.0,Common,28.0,Hand
333,0x63350b1649c34d3135cef63b9d1369f8bb66bab3,120980,1,0xa499df2bdae854093e5576c26c9e53e1b30d25e5,14.0,2021-06-23 19:26:47,MK2 Grenade,5.0,Common,14.0,Hand
334,0x63350b1649c34d3135cef63b9d1369f8bb66bab3,120978,1,0xa499df2bdae854093e5576c26c9e53e1b30d25e5,14.0,2021-06-23 19:24:03,MK2 Grenade,5.0,Common,14.0,Hand
335,0xfeb7da1823d9375e285ebc9d4083250bd3847c36,120909,1,0xfbdd5c349d1686d7b15b27f47217c55fe93d2bfc,62.0,2021-06-23 18:40:35,Uncommon Rofl,10.0,Uncommon,62.0,Pet
336,0xfeb7da1823d9375e285ebc9d4083250bd3847c36,120778,1,0x1a8d886d3a4a2d2aeb817ebb781f0683351538b1,12.988,2021-06-23 18:36:03,ETH Logo Glasses,5.0,Common,12.988,Eyes
337,0xfeb7da1823d9375e285ebc9d4083250bd3847c36,120692,1,0xe3601aa8774cd35bd07ddefa8aa1b893bd0b9ed3,23.9,2021-06-23 18:34:37,Imperial Moustache,5.0,Common,23.9,Face
338,0xfeb7da1823d9375e285ebc9d4083250bd3847c36,120919,1,0xfbdd5c349d1686d7b15b27f47217c55fe93d2bfc,17.0,2021-06-23 18:27:55,Apple Juice,10.0,Uncommon,17.0,Hand
339,0xfeb7da1823d9375e285ebc9d4083250bd3847c36,120777,1,0x1a8d886d3a4a2d2aeb817ebb781f0683351538b1,13.98,2021-06-23 18:25:39,Gemstone Ring,10.0,Uncommon,13.98,Hand
340,0xcc84cc9462e4f1f45597c584123ee31cd7e5864b,120188,1,0x2213aba7232bfd36586b0f4f61c977d95ebd3d94,13.9,2021-06-23 17:21:33,Common Wizard Staff,5.0,Common,13.9,Hand
341,0xcc84cc9462e4f1f45597c584123ee31cd7e5864b,120724,1,0x76e059c6ff6bf9fffd5f33afdf4ab2fd511c9df4,12.0,2021-06-23 17:19:45,Common Wizard Staff,5.0,Common,12.0,Hand
342,0xcc84cc9462e4f1f45597c584123ee31cd7e5864b,120867,1,0x7aafaff095e89642dcea9f99b820af3613fdfd2e,11.0,2021-06-23 17:19:11,Common Wizard Staff,5.0,Common,11.0,Hand
343,0x43ff4c088df0a425d1a519d3030a1a3dfff05cfd,120725,1,0x2d4888499d765d387f9cbc48061b28cde6bc2601,140.0,2021-06-23 15:23:05,Pickaxe,100.0,Rare,140.0,Hand
344,0x2c123fc5c27888571cd525e8ae9b0c5ff848386d,120476,1,0xe3601aa8774cd35bd07ddefa8aa1b893bd0b9ed3,37.9,2021-06-23 15:08:17,Common Rofl,5.0,Common,37.9,Pet
345,0x2c123fc5c27888571cd525e8ae9b0c5ff848386d,120743,1,0x730ca23bcd88802da1e19766db0a98e005d8fda1,13.0,2021-06-23 15:07:53,Cool shades,5.0,Common,13.0,Eyes
346,0x1a8d886d3a4a2d2aeb817ebb781f0683351538b1,120839,4,0x29746c9d6b317c6df26ac1751d6cb03a55c1b8d5,60.0,2021-06-23 14:50:09,Royal Scepter,100.0,Rare,240.0,Hand
347,0x63350b1649c34d3135cef63b9d1369f8bb66bab3,120839,1,0x29746c9d6b317c6df26ac1751d6cb03a55c1b8d5,60.0,2021-06-23 14:49:23,Royal Scepter,100.0,Rare,60.0,Hand
348,0x63350b1649c34d3135cef63b9d1369f8bb66bab3,120837,1,0x29746c9d6b317c6df26ac1751d6cb03a55c1b8d5,200.0,2021-06-23 14:47:45,Gold Necklace,300.0,Legendary,200.0,Body
349,0xe2c6a4a3a83399775ba104f16f94d2eae905d409,120055,1,0xaec41d6c79ee13f26f4982106463a0bbd6cc31dc,14.0,2021-06-23 14:15:59,Bitcoin Beanie,10.0,Uncommon,14.0,Head
350,0x9b411116f92504562edcf3a1b14ae226bc1489fc,120247,1,0x8b9f39b3c76aab744bcee37cc56782bac8eb5ffb,60.0,2021-06-23 13:16:27,M67 Grenade,10.0,Uncommon,60.0,Hand
351,0x4678cb6580b20bd4340fb5269e91af3e921180d8,120689,1,0x101addc07d63a6b35b199153252168ab9889dca1,8.8,2021-06-23 12:35:25,32 ETH Coin,5.0,Common,8.8,Hand
352,0x4678cb6580b20bd4340fb5269e91af3e921180d8,120610,1,0x90ef65e04dfa51e14b16206d79782c978a2cc033,10.0,2021-06-23 12:33:37,Pitchfork,5.0,Common,10.0,Hand
353,0x4678cb6580b20bd4340fb5269e91af3e921180d8,120088,1,0x8dadff9eee13ccbcc35bb22e99416427d63ef8c9,7.0,2021-06-23 12:33:37,Aave Hero Shirt,5.0,Common,7.0,Body
354,0x4678cb6580b20bd4340fb5269e91af3e921180d8,120687,1,0x101addc07d63a6b35b199153252168ab9889dca1,7.8,2021-06-23 12:33:33,Pajama Hat,5.0,Common,7.8,Head
355,0x7bb8705a3581f549c039401903251aa010ade9c6,120690,1,0x101addc07d63a6b35b199153252168ab9889dca1,4.75,2021-06-23 09:07:14,ETH Tshirt,5.0,Common,4.75,Body
356,0x3a79bf3555f33f2adcac02da1c4a0a0163f666ce,119808,1,0xbb403d793dda52f8512950953771b7c341086120,19.9,2021-06-23 08:59:18,Aave Hero Mask,5.0,Common,19.9,Face
357,0x3a79bf3555f33f2adcac02da1c4a0a0163f666ce,120020,1,0x9b411116f92504562edcf3a1b14ae226bc1489fc,23.99,2021-06-23 08:55:46,Trezor Wallet,10.0,Uncommon,23.99,Hand
358,0xc5592b6e87cd2195bb65a73aaa9f83b158578fa1,115091,1,0x2d19ca3ca720a80d8d5ff4b28c674d8d76dd24e1,75.0,2021-06-23 08:03:20,Captain Aave Shield,10.0,Uncommon,75.0,Hand
359,0xc5592b6e87cd2195bb65a73aaa9f83b158578fa1,117466,1,0xd8f35ef085d202fa7cad0e0c61da737b60e1f855,69.0,2021-06-23 08:02:54,Captain Aave Shield,10.0,Uncommon,69.0,Hand
360,0xc5592b6e87cd2195bb65a73aaa9f83b158578fa1,69351,1,0x02632569d858370906ac6116b0ae25059fb34a82,30.0,2021-06-23 07:56:42,Captain Aave Mask,10.0,Uncommon,30.0,Head
361,0xc5592b6e87cd2195bb65a73aaa9f83b158578fa1,120075,1,0xaec41d6c79ee13f26f4982106463a0bbd6cc31dc,25.0,2021-06-23 07:56:16,Captain Aave Suit,10.0,Uncommon,25.0,Body
362,0xc5592b6e87cd2195bb65a73aaa9f83b158578fa1,119282,1,0x6ef680abfc9c8e60ebd5813ce724b75af4591cdd,75.0,2021-06-23 06:08:50,Eagle Mask,100.0,Rare,75.0,Head
363,0x10b385eb6c517943da02e58a76c97b5a16e1c31d,119951,1,0xbb403d793dda52f8512950953771b7c341086120,8.9,2021-06-23 05:46:28,Camo Pants,5.0,Common,8.9,Body
364,0x10b385eb6c517943da02e58a76c97b5a16e1c31d,120087,1,0x8dadff9eee13ccbcc35bb22e99416427d63ef8c9,8.5,2021-06-23 05:46:12,Camo Pants,5.0,Common,8.5,Body
365,0x10b385eb6c517943da02e58a76c97b5a16e1c31d,120533,1,0x43ff4c088df0a425d1a519d3030a1a3dfff05cfd,8.0,2021-06-23 05:45:36,Camo Pants,5.0,Common,8.0,Body
366,0x10b385eb6c517943da02e58a76c97b5a16e1c31d,120681,2,0x101addc07d63a6b35b199153252168ab9889dca1,8.5,2021-06-23 05:45:16,Snapshot Shirt,10.0,Uncommon,17.0,Body
367,0x1a8d886d3a4a2d2aeb817ebb781f0683351538b1,120745,1,0x730ca23bcd88802da1e19766db0a98e005d8fda1,55.0,2021-06-23 05:23:04,Uncommon Rofl,10.0,Uncommon,55.0,Pet
368,0x82131e86d080312e13605aada6538a94df5b41a5,120726,1,0x2d4888499d765d387f9cbc48061b28cde6bc2601,110.0,2021-06-23 02:11:30,Lil Pump Drank,100.0,Rare,110.0,Hand
369,0x5761ac2e1cb06cc3f8e1dd7e40b358bb35558def,120571,1,0x3a05fed22136b55cd3e4e9e60cf559539e691c49,149.0,2021-06-22 22:07:14,Pickaxe,100.0,Rare,149.0,Hand
370,0x8b200f4c81c54d9014b4cda3f16501069fa20ab9,120693,1,0x101addc07d63a6b35b199153252168ab9889dca1,4.0,2021-06-22 20:40:06,Camo Hat,5.0,Common,4.0,Head
371,0x1a8d886d3a4a2d2aeb817ebb781f0683351538b1,120686,1,0x101addc07d63a6b35b199153252168ab9889dca1,9.75,2021-06-22 20:17:58,Elf Ears,5.0,Common,9.75,Face
372,0xbff36b0e434f7ddd28c523571c3b9f93f60132f6,120080,1,0xaec41d6c79ee13f26f4982106463a0bbd6cc31dc,13.0,2021-06-22 19:52:55,Cool shades,5.0,Common,13.0,Eyes
373,0xed7d2286152b3ac0151b06e4f3dfba37acc5a634,120532,1,0x43ff4c088df0a425d1a519d3030a1a3dfff05cfd,9.0,2021-06-22 18:07:32,MK2 Grenade,5.0,Common,9.0,Hand
374,0xe1a1d5c32888c5b140917b296e82cf3a448f37a6,120622,1,0x90c88c8331df8a21542b36bba3a0f226e46eb39d,325.0,2021-06-22 10:01:37,Witchy Hat,300.0,Legendary,325.0,Head
375,0x1a8d886d3a4a2d2aeb817ebb781f0683351538b1,120611,1,0x90ef65e04dfa51e14b16206d79782c978a2cc033,10.0,2021-06-22 08:50:57,Elf Ears,5.0,Common,10.0,Face
376,0x63350b1649c34d3135cef63b9d1369f8bb66bab3,120598,1,0x90ef65e04dfa51e14b16206d79782c978a2cc033,55.0,2021-06-22 08:41:33,Uncommon Rofl,10.0,Uncommon,55.0,Pet
377,0x1a8d886d3a4a2d2aeb817ebb781f0683351538b1,120589,2,0x2f3045ce8f70757e5cbad58215134aedaf2e4ca4,51.0,2021-06-22 08:21:21,Uncommon Rofl,10.0,Uncommon,102.0,Pet
378,0x63350b1649c34d3135cef63b9d1369f8bb66bab3,120589,1,0x2f3045ce8f70757e5cbad58215134aedaf2e4ca4,51.0,2021-06-22 08:20:49,Uncommon Rofl,10.0,Uncommon,51.0,Pet
379,0xb4290f4541ef45fbeef4e88c794c9382fba16dc2,119809,1,0xbb403d793dda52f8512950953771b7c341086120,13.9,2021-06-22 07:59:01,Common Wizard Staff,5.0,Common,13.9,Hand
380,0xc94d24961abdc547ee466b8563f86c3a1afa8bd4,120111,1,0x1a8d886d3a4a2d2aeb817ebb781f0683351538b1,64.8,2021-06-22 07:33:11,Wizard Visor,5.0,Common,64.8,Eyes
381,0xc94d24961abdc547ee466b8563f86c3a1afa8bd4,119988,1,0x9b411116f92504562edcf3a1b14ae226bc1489fc,18.99,2021-06-22 06:35:51,Apple Juice,10.0,Uncommon,18.99,Hand
382,0x262944448ec574dd5f82136964bbf189cc1ab579,120520,1,0xc94d24961abdc547ee466b8563f86c3a1afa8bd4,110.0,2021-06-22 03:13:05,Dragon Wings,100.0,Rare,110.0,Body
383,0x02aee0ce756fa0157294ff3ff48c1dd02adccf04,119826,1,0xba2edb5ac7b3231281e4f76c013419fce94d86af,7.9,2021-06-21 18:16:09,Pajama Hat,5.0,Common,7.9,Head
384,0x02aee0ce756fa0157294ff3ff48c1dd02adccf04,117856,2,0xba2010e19fa7ca59982a70ff957e1f14c03e2aeb,7.99,2021-06-21 18:15:57,Pajama Hat,5.0,Common,15.98,Head
385,0x02aee0ce756fa0157294ff3ff48c1dd02adccf04,118535,1,0x7aa13c8aeae115fa93e9f60bc8123f7fee299a1c,7.0,2021-06-21 18:15:45,Pajama Hat,5.0,Common,7.0,Head
386,0x8c779811306cee2fafc908c557ccb4be9ff20a01,120186,1,0x7bb8705a3581f549c039401903251aa010ade9c6,325.0,2021-06-21 17:23:35,Rare Rofl,100.0,Rare,325.0,Pet
387,0x67922a9561423548a9ccfd67ad80d6c637c26bfe,119703,1,0x5a87f5527f95f4bd220944a25f417c9aa3264efe,13.9,2021-06-21 16:18:37,Dragon Horns,10.0,Uncommon,13.9,Head
388,0x505d867c40931bf56393f23cfa766fff8fa406e3,119465,1,0x822b454196d281d43a3e127db3d37b7c0d78ab92,6.9,2021-06-21 07:25:06,Pajama Hat,5.0,Common,6.9,Head
389,0x505d867c40931bf56393f23cfa766fff8fa406e3,120091,1,0x8dadff9eee13ccbcc35bb22e99416427d63ef8c9,6.5,2021-06-21 07:21:22,Pajama Hat,5.0,Common,6.5,Head
390,0x505d867c40931bf56393f23cfa766fff8fa406e3,119797,1,0xbb403d793dda52f8512950953771b7c341086120,6.5,2021-06-21 07:21:06,Pajama Hat,5.0,Common,6.5,Head
391,0x557badbc8c772d3ff055c905181759c8c82abc34,119985,1,0x1ea0537a2ce43e2ca26843f04c0d105f09b8bea6,225.0,2021-06-21 06:44:19,Aagent Pistol,100.0,Rare,225.0,Hand
392,0x505d867c40931bf56393f23cfa766fff8fa406e3,119967,1,0x86d3af9ff0e89cc2382d8b171aff5ebce5ef4351,5.9,2021-06-21 05:44:55,Pajama Hat,5.0,Common,5.9,Head
393,0x830437c8d234c61ae6bffbc11f2b885e6e934554,118219,3,0x1779b5aa4fb5e471f1356f7a81e67e716bb69512,50.0,2021-06-21 03:50:19,Water bottle,10.0,Uncommon,150.0,Hand
394,0x830437c8d234c61ae6bffbc11f2b885e6e934554,120072,1,0xaec41d6c79ee13f26f4982106463a0bbd6cc31dc,49.0,2021-06-21 03:49:55,Water bottle,10.0,Uncommon,49.0,Hand
395,0x830437c8d234c61ae6bffbc11f2b885e6e934554,120072,1,0xaec41d6c79ee13f26f4982106463a0bbd6cc31dc,49.0,2021-06-21 03:48:29,Water bottle,10.0,Uncommon,49.0,Hand
396,0x830437c8d234c61ae6bffbc11f2b885e6e934554,120063,1,0xaec41d6c79ee13f26f4982106463a0bbd6cc31dc,13.0,2021-06-21 03:40:23,Foxy Mask,10.0,Uncommon,13.0,Head
397,0x76e059c6ff6bf9fffd5f33afdf4ab2fd511c9df4,117075,1,0xcc84cc9462e4f1f45597c584123ee31cd7e5864b,9.48,2021-06-21 02:56:03,Pajama Shirt,10.0,Uncommon,9.48,Body
398,0x8cf43ae56733529d8650790187b37410fe44322e,119558,1,0x89a1145fccac1a2a9350ec1a4a486e4458d26274,6.0,2021-06-21 02:44:47,Straw Hat,5.0,Common,6.0,Head
399,0x8cf43ae56733529d8650790187b37410fe44322e,119858,1,0x9bb1d0cfe96e22830079dad7d589bb011769ee51,7.0,2021-06-21 02:44:19,Farmer Jeans,5.0,Common,7.0,Body
400,0x8b200f4c81c54d9014b4cda3f16501069fa20ab9,120249,1,0x8b9f39b3c76aab744bcee37cc56782bac8eb5ffb,22.0,2021-06-20 21:53:55,Captain Aave Suit,10.0,Uncommon,22.0,Body
401,0x6157730c4f8e2092f601460b836530e3252b3120,120056,1,0xaec41d6c79ee13f26f4982106463a0bbd6cc31dc,8.0,2021-06-20 19:18:20,Pajama Shirt,10.0,Uncommon,8.0,Body
402,0x76e059c6ff6bf9fffd5f33afdf4ab2fd511c9df4,120017,1,0x9b411116f92504562edcf3a1b14ae226bc1489fc,6.99,2021-06-20 15:34:32,Vote Sign,5.0,Common,6.99,Hand
403,0x1a8d886d3a4a2d2aeb817ebb781f0683351538b1,120242,2,0x8b9f39b3c76aab744bcee37cc56782bac8eb5ffb,9.0,2021-06-20 14:35:22,Elf Ears,5.0,Common,18.0,Face
404,0x7c0db93859be23fcb507deb2c603ceeddd6b0cca,83171,1,0x10b385eb6c517943da02e58a76c97b5a16e1c31d,9.99,2021-06-20 12:59:03,Aave Plush,5.0,Common,9.99,Hand
405,0x2b29518e5ac3eda4cfc138facd6f023bffc5d65a,120003,1,0x9b411116f92504562edcf3a1b14ae226bc1489fc,8.99,2021-06-20 09:46:57,Rasta Hat,10.0,Uncommon,8.99,Head
406,0x2b29518e5ac3eda4cfc138facd6f023bffc5d65a,119994,1,0x9b411116f92504562edcf3a1b14ae226bc1489fc,8.99,2021-06-20 09:46:27,Pajama Shirt,10.0,Uncommon,8.99,Body
407,0x505d867c40931bf56393f23cfa766fff8fa406e3,119967,1,0x86d3af9ff0e89cc2382d8b171aff5ebce5ef4351,5.9,2021-06-20 07:22:55,Pajama Hat,5.0,Common,5.9,Head
408,0x505d867c40931bf56393f23cfa766fff8fa406e3,119967,1,0x86d3af9ff0e89cc2382d8b171aff5ebce5ef4351,5.9,2021-06-20 07:20:03,Pajama Hat,5.0,Common,5.9,Head
409,0x505d867c40931bf56393f23cfa766fff8fa406e3,120018,1,0x9b411116f92504562edcf3a1b14ae226bc1489fc,4.99,2021-06-20 07:19:03,Pajama Hat,5.0,Common,4.99,Head
410,0x505d867c40931bf56393f23cfa766fff8fa406e3,120067,1,0xaec41d6c79ee13f26f4982106463a0bbd6cc31dc,4.0,2021-06-20 07:17:45,Pajama Hat,5.0,Common,4.0,Head
411,0x2213aba7232bfd36586b0f4f61c977d95ebd3d94,120127,1,0x76e059c6ff6bf9fffd5f33afdf4ab2fd511c9df4,9.8,2021-06-20 06:59:37,Common Wizard Staff,5.0,Common,9.8,Hand
412,0x8b200f4c81c54d9014b4cda3f16501069fa20ab9,119950,1,0xbb403d793dda52f8512950953771b7c341086120,9.9,2021-06-20 05:43:01,Black Jeans,10.0,Uncommon,9.9,Body
413,0x636db7553dfb9c87dce1a5edf117edcaff1b650a,120124,1,0x76e059c6ff6bf9fffd5f33afdf4ab2fd511c9df4,50.0,2021-06-20 05:37:19,M67 Grenade,10.0,Uncommon,50.0,Hand
414,0x8b200f4c81c54d9014b4cda3f16501069fa20ab9,120125,1,0x76e059c6ff6bf9fffd5f33afdf4ab2fd511c9df4,9.0,2021-06-20 05:36:27,Bitcoin Beanie,10.0,Uncommon,9.0,Head
415,0x63350b1649c34d3135cef63b9d1369f8bb66bab3,120159,1,0xda1086a0cbe2d64c591b396954c794041fcaf3bd,300.0,2021-06-20 04:30:25,Marc Hair,300.0,Legendary,300.0,Head
416,0xe2c6a4a3a83399775ba104f16f94d2eae905d409,119848,1,0x10b385eb6c517943da02e58a76c97b5a16e1c31d,9.99,2021-06-20 02:05:11,Pitchfork,5.0,Common,9.99,Hand
417,0xf28c2873ce5d8bdf5798b977b9d87d3c86d80a61,120127,1,0x76e059c6ff6bf9fffd5f33afdf4ab2fd511c9df4,9.8,2021-06-20 02:04:13,Common Wizard Staff,5.0,Common,9.8,Hand
418,0xa499df2bdae854093e5576c26c9e53e1b30d25e5,120076,1,0xaec41d6c79ee13f26f4982106463a0bbd6cc31dc,100.0,2021-06-20 01:39:03,Sushi Coat,100.0,Rare,100.0,Body
419,0xa499df2bdae854093e5576c26c9e53e1b30d25e5,120106,1,0x830437c8d234c61ae6bffbc11f2b885e6e934554,105.0,2021-06-20 01:38:49,Sushi Bandana,100.0,Rare,105.0,Head
420,0x76e059c6ff6bf9fffd5f33afdf4ab2fd511c9df4,120054,1,0xaec41d6c79ee13f26f4982106463a0bbd6cc31dc,8.0,2021-06-20 01:26:45,Rasta Hat,10.0,Uncommon,8.0,Head
421,0x76e059c6ff6bf9fffd5f33afdf4ab2fd511c9df4,95317,1,0x10b385eb6c517943da02e58a76c97b5a16e1c31d,9.99,2021-06-20 01:26:09,Rasta Shirt,10.0,Uncommon,9.99,Body
422,0x1a8d886d3a4a2d2aeb817ebb781f0683351538b1,120109,1,0x557badbc8c772d3ff055c905181759c8c82abc34,48.0,2021-06-19 23:42:33,Wizard Visor,5.0,Common,48.0,Eyes
423,0x8b200f4c81c54d9014b4cda3f16501069fa20ab9,120090,1,0x8dadff9eee13ccbcc35bb22e99416427d63ef8c9,8.5,2021-06-19 22:00:37,Tiny Crown,10.0,Uncommon,8.5,Head
424,0xe88632728ed377f556cb964e6f670f6017d497e4,120069,1,0xaec41d6c79ee13f26f4982106463a0bbd6cc31dc,8.0,2021-06-19 21:00:51,Rasta Shirt,10.0,Uncommon,8.0,Body
425,0x604148f587d2c0d0de278133cef48ff15a964c49,119803,1,0xbb403d793dda52f8512950953771b7c341086120,8.9,2021-06-19 17:10:11,32 ETH Coin,5.0,Common,8.9,Hand
426,0x8cf43ae56733529d8650790187b37410fe44322e,119839,1,0xed7d2286152b3ac0151b06e4f3dfba37acc5a634,18.99,2021-06-19 16:33:25,Aave Hero Mask,5.0,Common,18.99,Face
427,0x8cf43ae56733529d8650790187b37410fe44322e,83171,1,0x10b385eb6c517943da02e58a76c97b5a16e1c31d,9.99,2021-06-19 16:32:05,Aave Plush,5.0,Common,9.99,Hand
428,0x8cf43ae56733529d8650790187b37410fe44322e,119807,1,0xbb403d793dda52f8512950953771b7c341086120,68.9,2021-06-19 16:28:55,Captain Aave Shield,10.0,Uncommon,68.9,Hand
429,0x8cf43ae56733529d8650790187b37410fe44322e,68032,1,0x70be2bfe60d875faad5922f2379af1a0afc8e754,30.0,2021-06-19 16:28:31,Captain Aave Mask,10.0,Uncommon,30.0,Head
430,0x8cf43ae56733529d8650790187b37410fe44322e,115978,1,0x0628ff854c191d4b80d2f07b3f1a39d878cd2e3a,25.0,2021-06-19 16:28:07,Captain Aave Suit,10.0,Uncommon,25.0,Body
431,0x8cf43ae56733529d8650790187b37410fe44322e,117847,1,0x5a87f5527f95f4bd220944a25f417c9aa3264efe,7.29,2021-06-19 15:56:51,Aave Hero Shirt,5.0,Common,7.29,Body
432,0x9b411116f92504562edcf3a1b14ae226bc1489fc,92503,1,0x243cebb2fccae390639f2b454e4886dcfae7deee,10.0,2021-06-19 14:55:47,MK2 Grenade,5.0,Common,10.0,Hand
433,0x9b411116f92504562edcf3a1b14ae226bc1489fc,96792,1,0x76d441e3e74c78d8ec8478b843b2b0c5b74ebdc2,20.0,2021-06-19 14:54:27,Snow Camo Pants,10.0,Uncommon,20.0,Body
434,0x60c4ae0ee854a20ea7796a9678090767679b30fc,102826,1,0xc4f1e3020e1b07b66afbbbee30f50383f46d7091,470.0,2021-06-19 14:34:13,Portal Mage Armor,300.0,Legendary,470.0,Body
435,0x9b411116f92504562edcf3a1b14ae226bc1489fc,97703,2,0xe913a5fe3faa5f0fa0d420c87337c7cb99a0c6e5,13.0,2021-06-19 14:31:13,Snow Camo Hat,10.0,Uncommon,26.0,Head
436,0xcc84cc9462e4f1f45597c584123ee31cd7e5864b,119965,1,0x3a05fed22136b55cd3e4e9e60cf559539e691c49,5.74,2021-06-19 14:28:11,32 ETH Coin,5.0,Common,5.74,Hand
437,0x1a8d886d3a4a2d2aeb817ebb781f0683351538b1,119964,1,0x3a05fed22136b55cd3e4e9e60cf559539e691c49,17.9,2021-06-19 12:57:29,Aave Hero Mask,5.0,Common,17.9,Face
438,0x86d3af9ff0e89cc2382d8b171aff5ebce5ef4351,119868,1,0xbe79d8b538811f77bee5e5b74d9d93f6e76db7be,18.99,2021-06-19 12:51:29,Apple Juice,10.0,Uncommon,18.99,Hand
439,0x86d3af9ff0e89cc2382d8b171aff5ebce5ef4351,119744,1,0x1a8d886d3a4a2d2aeb817ebb781f0683351538b1,15.98,2021-06-19 12:50:43,Gemstone Ring,10.0,Uncommon,15.98,Hand
440,0x80b78c03ecaf44c062d0444c7a68a6f957add9ee,119297,1,0x29746c9d6b317c6df26ac1751d6cb03a55c1b8d5,9.0,2021-06-19 12:46:53,Tiny Crown,10.0,Uncommon,9.0,Head
441,0x3f5867645e75c4d8c26e4fdea2c273ce6cdcff53,92503,1,0x243cebb2fccae390639f2b454e4886dcfae7deee,10.0,2021-06-19 11:30:48,MK2 Grenade,5.0,Common,10.0,Hand
442,0x3f5867645e75c4d8c26e4fdea2c273ce6cdcff53,119890,1,0xffea5a2cfaf1aafbb87a1fe4eed5413da45c30a0,13.0,2021-06-19 11:29:18,Fireball,5.0,Common,13.0,Hand
443,0x3f5867645e75c4d8c26e4fdea2c273ce6cdcff53,118778,1,0xd41213c320d05c0b6882edf1021328939aa18be6,9.99,2021-06-19 11:26:22,Black Jeans,10.0,Uncommon,9.99,Body
444,0x3f5867645e75c4d8c26e4fdea2c273ce6cdcff53,119801,1,0xbb403d793dda52f8512950953771b7c341086120,14.9,2021-06-19 11:26:16,Cool shades,5.0,Common,14.9,Eyes
445,0x3f5867645e75c4d8c26e4fdea2c273ce6cdcff53,113038,1,0x10b385eb6c517943da02e58a76c97b5a16e1c31d,9.99,2021-06-19 11:25:54,Rasta Hat,10.0,Uncommon,9.99,Head
446,0x265b81d155673c607cf86c335ee5779eaee89ff4,119934,1,0x29746c9d6b317c6df26ac1751d6cb03a55c1b8d5,500.0,2021-06-19 09:59:51,REKT Sign,300.0,Legendary,500.0,Hand
447,0x63350b1649c34d3135cef63b9d1369f8bb66bab3,119932,1,0x29746c9d6b317c6df26ac1751d6cb03a55c1b8d5,320.0,2021-06-19 09:58:45,Halfrekt Shirt,300.0,Legendary,320.0,Body
448,0xfb91a0d6dff39f19d0ea9c988ad8dfb93244c40b,119720,1,0xe3601aa8774cd35bd07ddefa8aa1b893bd0b9ed3,44.9,2021-06-19 08:51:56,Common Rofl,5.0,Common,44.9,Pet
449,0xffea5a2cfaf1aafbb87a1fe4eed5413da45c30a0,76786,1,0x571c39d6bc5684da53060f2ae1f26fe065c89eb9,100.0,2021-06-19 07:57:24,Sushi Coat,100.0,Rare,100.0,Body
450,0xffea5a2cfaf1aafbb87a1fe4eed5413da45c30a0,102349,1,0x68057266b9e20a60c55d7b50eb6f22117b1eb842,289.0,2021-06-19 07:56:54,Sushi Knife,100.0,Rare,289.0,Hand
451,0xffea5a2cfaf1aafbb87a1fe4eed5413da45c30a0,117842,1,0xd6c329dfe2af23c6bd7b66911bc30a8c347631df,270.0,2021-06-19 07:56:36,Sushi Knife,100.0,Rare,270.0,Hand
452,0xffea5a2cfaf1aafbb87a1fe4eed5413da45c30a0,119874,1,0x2d4888499d765d387f9cbc48061b28cde6bc2601,99.0,2021-06-19 07:56:18,Sushi Bandana,100.0,Rare,99.0,Head
453,0x36bed53b24f982ea2f4b231b3763cf453401e50d,92503,1,0x243cebb2fccae390639f2b454e4886dcfae7deee,10.0,2021-06-19 04:42:40,MK2 Grenade,5.0,Common,10.0,Hand
454,0x36bed53b24f982ea2f4b231b3763cf453401e50d,118628,1,0xaa126ec5d4b0c1ae94dfb0d7176ce785af7d02ce,9.0,2021-06-19 04:39:12,Camo Hat,5.0,Common,9.0,Head
455,0x36bed53b24f982ea2f4b231b3763cf453401e50d,118629,1,0xaa126ec5d4b0c1ae94dfb0d7176ce785af7d02ce,9.0,2021-06-19 04:38:14,Camo Pants,5.0,Common,9.0,Body
456,0x36bed53b24f982ea2f4b231b3763cf453401e50d,119802,1,0xbb403d793dda52f8512950953771b7c341086120,6.9,2021-06-19 04:36:58,Aave Hero Shirt,5.0,Common,6.9,Body
457,0x1a8d886d3a4a2d2aeb817ebb781f0683351538b1,119873,1,0x2d4888499d765d387f9cbc48061b28cde6bc2601,8.0,2021-06-19 02:33:44,Elf Ears,5.0,Common,8.0,Face
458,0xed7d2286152b3ac0151b06e4f3dfba37acc5a634,119775,1,0x2f3045ce8f70757e5cbad58215134aedaf2e4ca4,5.0,2021-06-19 02:18:47,L2 Sign,5.0,Common,5.0,Hand
459,0xb4845049cf818dccd320eb715c1a475b0cffa1c3,119464,1,0x822b454196d281d43a3e127db3d37b7c0d78ab92,8.0,2021-06-19 02:15:08,Pajama Shirt,10.0,Uncommon,8.0,Body
460,0xed7d2286152b3ac0151b06e4f3dfba37acc5a634,118628,1,0xaa126ec5d4b0c1ae94dfb0d7176ce785af7d02ce,9.0,2021-06-19 02:13:16,Camo Hat,5.0,Common,9.0,Head
461,0xed7d2286152b3ac0151b06e4f3dfba37acc5a634,119805,1,0xbb403d793dda52f8512950953771b7c341086120,8.9,2021-06-19 02:12:10,Camo Pants,5.0,Common,8.9,Body
462,0xb4845049cf818dccd320eb715c1a475b0cffa1c3,118731,1,0x557badbc8c772d3ff055c905181759c8c82abc34,150.0,2021-06-19 02:06:10,Bedtime Milk,100.0,Rare,150.0,Hand
463,0x124e64c9ed898d4a8b130f6acb76b33e21cd711c,90927,1,0x7904adb48351af7b835cb061316795d5226b7f1a,100.0,2021-06-19 00:24:45,Marine Cap,100.0,Rare,100.0,Head
464,0x25155d8523e810536535f64fc50113b3be07e8b4,83171,1,0x10b385eb6c517943da02e58a76c97b5a16e1c31d,9.99,2021-06-18 23:47:41,Aave Plush,5.0,Common,9.99,Hand
465,0x25155d8523e810536535f64fc50113b3be07e8b4,119297,1,0x29746c9d6b317c6df26ac1751d6cb03a55c1b8d5,9.0,2021-06-18 23:46:15,Tiny Crown,10.0,Uncommon,9.0,Head
466,0x10b385eb6c517943da02e58a76c97b5a16e1c31d,119054,1,0xfbdd5c349d1686d7b15b27f47217c55fe93d2bfc,8.0,2021-06-18 21:21:19,Big GHST Token,5.0,Common,8.0,Hand
467,0x10b385eb6c517943da02e58a76c97b5a16e1c31d,119800,1,0xbb403d793dda52f8512950953771b7c341086120,8.9,2021-06-18 21:20:47,Black Jeans,10.0,Uncommon,8.9,Body
468,0x10b385eb6c517943da02e58a76c97b5a16e1c31d,119798,1,0xbb403d793dda52f8512950953771b7c341086120,8.9,2021-06-18 21:20:39,Snapshot Shirt,10.0,Uncommon,8.9,Body
469,0x8b200f4c81c54d9014b4cda3f16501069fa20ab9,119779,1,0xd41213c320d05c0b6882edf1021328939aa18be6,9.0,2021-06-18 17:05:36,Bitcoin Beanie,10.0,Uncommon,9.0,Head
470,0x9b411116f92504562edcf3a1b14ae226bc1489fc,119039,1,0x90c88c8331df8a21542b36bba3a0f226e46eb39d,6.9,2021-06-18 16:04:28,Pajama Hat,5.0,Common,6.9,Head
471,0x9b411116f92504562edcf3a1b14ae226bc1489fc,118760,1,0x101addc07d63a6b35b199153252168ab9889dca1,8.0,2021-06-18 16:03:22,Pajama Shirt,10.0,Uncommon,8.0,Body
472,0x9b411116f92504562edcf3a1b14ae226bc1489fc,119246,1,0xed89ea70a367e41bb4ff1a0a185bf0c07dec69de,145.0,2021-06-18 16:02:42,Bedtime Milk,100.0,Rare,145.0,Hand
473,0x39001877121f282464112926294459638214e7bd,119705,1,0x5a87f5527f95f4bd220944a25f417c9aa3264efe,14.9,2021-06-18 15:57:00,Polygon Shirt,10.0,Uncommon,14.9,Body
474,0x9b411116f92504562edcf3a1b14ae226bc1489fc,119313,1,0x0c404f55595ab844d519a084ff1b8cb36aaad1d1,49.0,2021-06-18 15:43:40,Water bottle,10.0,Uncommon,49.0,Hand
475,0x9b411116f92504562edcf3a1b14ae226bc1489fc,119693,1,0x2f3045ce8f70757e5cbad58215134aedaf2e4ca4,19.0,2021-06-18 15:41:26,Sweatband,10.0,Uncommon,19.0,Head
476,0x5f2b6648a7b62bea1b4bc31edc318365fa7bb0ff,118221,1,0x1779b5aa4fb5e471f1356f7a81e67e716bb69512,15.0,2021-06-18 15:40:58,Cool shades,5.0,Common,15.0,Eyes
477,0x9b411116f92504562edcf3a1b14ae226bc1489fc,118785,1,0xd41213c320d05c0b6882edf1021328939aa18be6,9.99,2021-06-18 15:39:08,Track Shorts,10.0,Uncommon,9.99,Body
478,0x5f2b6648a7b62bea1b4bc31edc318365fa7bb0ff,71715,1,0x0628ff854c191d4b80d2f07b3f1a39d878cd2e3a,150.0,2021-06-18 15:29:02,Walkie Talkie,100.0,Rare,150.0,Hand
479,0x5f2b6648a7b62bea1b4bc31edc318365fa7bb0ff,90927,1,0x7904adb48351af7b835cb061316795d5226b7f1a,100.0,2021-06-18 15:28:28,Marine Cap,100.0,Rare,100.0,Head
480,0x9b411116f92504562edcf3a1b14ae226bc1489fc,119715,1,0x5f2b6648a7b62bea1b4bc31edc318365fa7bb0ff,74.0,2021-06-18 15:25:58,M67 Grenade,10.0,Uncommon,74.0,Hand
481,0x9b411116f92504562edcf3a1b14ae226bc1489fc,119716,1,0x5f2b6648a7b62bea1b4bc31edc318365fa7bb0ff,12.0,2021-06-18 15:25:10,Snow Camo Hat,10.0,Uncommon,12.0,Head
482,0x5f2b6648a7b62bea1b4bc31edc318365fa7bb0ff,119756,1,0xa7503d5ed9dbdf964555f92d9350fbf37311a2ac,55.0,2021-06-18 15:24:46,M67 Grenade,10.0,Uncommon,55.0,Hand
483,0x9b411116f92504562edcf3a1b14ae226bc1489fc,68033,1,0x70be2bfe60d875faad5922f2379af1a0afc8e754,33.0,2021-06-18 15:23:58,Snow Camo Pants,10.0,Uncommon,33.0,Body
484,0x9b411116f92504562edcf3a1b14ae226bc1489fc,119701,1,0xe3601aa8774cd35bd07ddefa8aa1b893bd0b9ed3,24.9,2021-06-18 14:49:54,Imperial Moustache,5.0,Common,24.9,Face
485,0x9b411116f92504562edcf3a1b14ae226bc1489fc,119752,1,0x1a8d886d3a4a2d2aeb817ebb781f0683351538b1,13.99,2021-06-18 14:49:20,Cool shades,5.0,Common,13.99,Eyes
486,0x9b411116f92504562edcf3a1b14ae226bc1489fc,119726,1,0x2f3045ce8f70757e5cbad58215134aedaf2e4ca4,79.0,2021-06-18 14:41:16,Uncommon Rofl,10.0,Uncommon,79.0,Pet
487,0x604148f587d2c0d0de278133cef48ff15a964c49,119391,1,0x1a8d886d3a4a2d2aeb817ebb781f0683351538b1,13.99,2021-06-18 14:41:06,Cool shades,5.0,Common,13.99,Eyes
488,0x604148f587d2c0d0de278133cef48ff15a964c49,119694,1,0x2f3045ce8f70757e5cbad58215134aedaf2e4ca4,8.0,2021-06-18 14:26:54,Track Shorts,10.0,Uncommon,8.0,Body
489,0x9b411116f92504562edcf3a1b14ae226bc1489fc,119700,1,0x1a8d886d3a4a2d2aeb817ebb781f0683351538b1,15.98,2021-06-18 14:25:44,Gemstone Ring,10.0,Uncommon,15.98,Hand
490,0x9b411116f92504562edcf3a1b14ae226bc1489fc,119700,1,0x1a8d886d3a4a2d2aeb817ebb781f0683351538b1,15.98,2021-06-18 14:23:16,Gemstone Ring,10.0,Uncommon,15.98,Hand
491,0x9b411116f92504562edcf3a1b14ae226bc1489fc,119638,1,0x88a1303994f0c906d8c0ee9c72fe17f627ed9f48,180.0,2021-06-18 14:16:36,Pickaxe,100.0,Rare,180.0,Hand
492,0x3ba960aeb77b01476cfef7838b40aa9016b0e3c5,119559,1,0x5f2b6648a7b62bea1b4bc31edc318365fa7bb0ff,150.0,2021-06-18 13:06:10,Lil Pump Goatee,10.0,Uncommon,150.0,Face
493,0xe88632728ed377f556cb964e6f670f6017d497e4,119704,1,0x5a87f5527f95f4bd220944a25f417c9aa3264efe,8.9,2021-06-18 12:11:14,Tiny Crown,10.0,Uncommon,8.9,Head
494,0xfcc0f66883aa585993a48fbb4b4c7d54766870ff,118925,1,0x0a9a893ed9e173b3298c8022e959ec6691673145,7.0,2021-06-18 11:08:30,Big GHST Token,5.0,Common,7.0,Hand
495,0xbb6182a3de745892dd68f50f3ebc890ba4719de1,119687,1,0xe3601aa8774cd35bd07ddefa8aa1b893bd0b9ed3,44.9,2021-06-18 10:45:40,Common Rofl,5.0,Common,44.9,Pet
496,0xb4290f4541ef45fbeef4e88c794c9382fba16dc2,119297,1,0x29746c9d6b317c6df26ac1751d6cb03a55c1b8d5,9.0,2021-06-18 07:49:14,Tiny Crown,10.0,Uncommon,9.0,Head
497,0x29746c9d6b317c6df26ac1751d6cb03a55c1b8d5,98272,1,0x6a9f813fb3e6a8f7013dabd1695bae1d49ae8481,8199.0,2021-06-18 07:25:58,OKex Sign,0.0,Mythical,8199.0,Hand
498,0x60c4ae0ee854a20ea7796a9678090767679b30fc,119677,1,0x29746c9d6b317c6df26ac1751d6cb03a55c1b8d5,3000.0,2021-06-18 07:24:06,GldnXross Robe,2000.0,Mythical,3000.0,Body
499,0xfeb7da1823d9375e285ebc9d4083250bd3847c36,119520,1,0xe3601aa8774cd35bd07ddefa8aa1b893bd0b9ed3,44.9,2021-06-18 07:15:08,Common Rofl,5.0,Common,44.9,Pet
500,0x1863acbf4f98bec1df245f6770a1166e804ce79b,91744,1,0x6c8e15ec8e35b6ffb246d60abca2ba81d4e247f4,14.0,2021-06-18 07:14:38,Dragon Horns,10.0,Uncommon,14.0,Head
501,0xcc84cc9462e4f1f45597c584123ee31cd7e5864b,119354,1,0x636db7553dfb9c87dce1a5edf117edcaff1b650a,9.9,2021-06-18 06:57:06,Common Wizard Staff,5.0,Common,9.9,Hand
502,0xcc84cc9462e4f1f45597c584123ee31cd7e5864b,118222,3,0x1779b5aa4fb5e471f1356f7a81e67e716bb69512,10.0,2021-06-18 06:55:32,Common Wizard Staff,5.0,Common,30.0,Hand
503,0xcc84cc9462e4f1f45597c584123ee31cd7e5864b,119674,1,0x2213aba7232bfd36586b0f4f61c977d95ebd3d94,9.9,2021-06-18 06:54:56,Common Wizard Staff,5.0,Common,9.9,Hand
504,0x181ccc0fd1a5b89dbde6ea39acea5dda7a28774a,119663,1,0x29746c9d6b317c6df26ac1751d6cb03a55c1b8d5,2500.0,2021-06-18 05:58:06,Beer Helmet,2000.0,Mythical,2500.0,Head
505,0x36376646e7e1bf27729c70a549e99b21a1e39fcd,118850,1,0x8560f3aa7c2522bfeabca88bb8f5f55efe9611fe,5.75,2021-06-18 03:20:56,32 ETH Coin,5.0,Common,5.75,Hand
506,0x409ceb81bb143a400b02445ca273b37720b7665e,119561,1,0x2f3045ce8f70757e5cbad58215134aedaf2e4ca4,139.0,2021-06-18 03:12:14,Dragon Wings,100.0,Rare,139.0,Body
507,0x9b411116f92504562edcf3a1b14ae226bc1489fc,118917,1,0x0a9a893ed9e173b3298c8022e959ec6691673145,15.0,2021-06-18 01:30:55,Gemstone Ring,10.0,Uncommon,15.0,Hand
508,0x9b411116f92504562edcf3a1b14ae226bc1489fc,119556,1,0x2f3045ce8f70757e5cbad58215134aedaf2e4ca4,17.0,2021-06-18 01:30:37,Apple Juice,10.0,Uncommon,17.0,Hand
509,0x9b411116f92504562edcf3a1b14ae226bc1489fc,118702,1,0xed89ea70a367e41bb4ff1a0a185bf0c07dec69de,14.5,2021-06-18 01:30:23,Gemstone Ring,10.0,Uncommon,14.5,Hand
510,0x9b411116f92504562edcf3a1b14ae226bc1489fc,119288,1,0xbe79d8b538811f77bee5e5b74d9d93f6e76db7be,12.99,2021-06-18 01:29:45,Gemstone Ring,10.0,Uncommon,12.99,Hand
511,0x9b411116f92504562edcf3a1b14ae226bc1489fc,119394,1,0x1a8d886d3a4a2d2aeb817ebb781f0683351538b1,12.95,2021-06-18 01:29:07,Gemstone Ring,10.0,Uncommon,12.95,Hand
512,0x9b411116f92504562edcf3a1b14ae226bc1489fc,118468,1,0x2dc8c2ec64a5dff670bc4ad3ab2ca6cf0b09a13e,25.0,2021-06-18 01:27:23,Trezor Wallet,10.0,Uncommon,25.0,Hand
513,0x1a8d886d3a4a2d2aeb817ebb781f0683351538b1,119593,1,0x2f3045ce8f70757e5cbad58215134aedaf2e4ca4,12.0,2021-06-18 01:21:09,Cool shades,5.0,Common,12.0,Eyes
514,0x9b411116f92504562edcf3a1b14ae226bc1489fc,119394,1,0x1a8d886d3a4a2d2aeb817ebb781f0683351538b1,12.95,2021-06-18 01:19:53,Gemstone Ring,10.0,Uncommon,12.95,Hand
515,0x9b411116f92504562edcf3a1b14ae226bc1489fc,119169,1,0xfeb7da1823d9375e285ebc9d4083250bd3847c36,10.0,2021-06-18 01:14:25,Miner Jeans,10.0,Uncommon,10.0,Body
516,0x9b411116f92504562edcf3a1b14ae226bc1489fc,118560,1,0xe1690f5153ad0bbc683964aa81645c49b3cf6567,11.0,2021-06-18 01:13:59,Miner Helmet,10.0,Uncommon,11.0,Head
517,0x9b411116f92504562edcf3a1b14ae226bc1489fc,118279,1,0x10b385eb6c517943da02e58a76c97b5a16e1c31d,9.99,2021-06-18 01:08:07,Miner Jeans,10.0,Uncommon,9.99,Body
518,0x9b411116f92504562edcf3a1b14ae226bc1489fc,119171,1,0xfeb7da1823d9375e285ebc9d4083250bd3847c36,10.0,2021-06-18 01:07:51,Miner Helmet,10.0,Uncommon,10.0,Head
519,0x9b411116f92504562edcf3a1b14ae226bc1489fc,118279,1,0x10b385eb6c517943da02e58a76c97b5a16e1c31d,9.99,2021-06-18 00:49:15,Miner Jeans,10.0,Uncommon,9.99,Body
520,0x9b411116f92504562edcf3a1b14ae226bc1489fc,119577,1,0xf31b3a8d219775aa71e942c7748e0174f4506d5f,8.9,2021-06-18 00:48:11,Miner Helmet,10.0,Uncommon,8.9,Head
521,0x665ac2c32a6484d5bb4baa5bb81e7fd2780fcbe2,106581,1,0xe4957d0691f3aaeb414c693c1e8acde0bf4a22c3,100.0,2021-06-17 23:41:15,Sushi Bandana,100.0,Rare,100.0,Head
522,0x665ac2c32a6484d5bb4baa5bb81e7fd2780fcbe2,118363,1,0x75d5ced39b418d5e25f4a05db87fcc8bceed7e66,100.0,2021-06-17 23:40:49,Sushi Coat,100.0,Rare,100.0,Body
523,0xb60dd5f030b68beb38fea0c414771acda899fcaf,119390,1,0x1a8d886d3a4a2d2aeb817ebb781f0683351538b1,13.98,2021-06-17 22:59:55,ETH Logo Glasses,5.0,Common,13.98,Eyes
524,0x4176d5d5813bb33f1761dbef41107ec1728062f6,119328,1,0x29746c9d6b317c6df26ac1751d6cb03a55c1b8d5,500.0,2021-06-17 22:20:23,Link Bubbly,300.0,Legendary,500.0,Hand
525,0x6157730c4f8e2092f601460b836530e3252b3120,119292,2,0x29746c9d6b317c6df26ac1751d6cb03a55c1b8d5,10.0,2021-06-17 20:16:03,Polygon Shirt,10.0,Uncommon,20.0,Body
526,0x89a1145fccac1a2a9350ec1a4a486e4458d26274,119390,1,0x1a8d886d3a4a2d2aeb817ebb781f0683351538b1,13.98,2021-06-17 19:22:43,ETH Logo Glasses,5.0,Common,13.98,Eyes
527,0x89a1145fccac1a2a9350ec1a4a486e4458d26274,119333,1,0xe3601aa8774cd35bd07ddefa8aa1b893bd0b9ed3,24.9,2021-06-17 19:22:09,Imperial Moustache,5.0,Common,24.9,Face
528,0x89a1145fccac1a2a9350ec1a4a486e4458d26274,118277,1,0x10b385eb6c517943da02e58a76c97b5a16e1c31d,9.99,2021-06-17 19:19:49,Pitchfork,5.0,Common,9.99,Hand
529,0x89a1145fccac1a2a9350ec1a4a486e4458d26274,119297,1,0x29746c9d6b317c6df26ac1751d6cb03a55c1b8d5,9.0,2021-06-17 19:15:31,Tiny Crown,10.0,Uncommon,9.0,Head
530,0x18bfff508960710fee296502de84667c7f4e88cf,117846,1,0x77427023e70cafd983dabaf3488d8d83ecb15b96,8.4,2021-06-17 18:46:24,Vote Sign,5.0,Common,8.4,Hand
531,0x677975399cbd8aa7bd17a4b87c04ed07a85978d4,118834,7,0x2c96108ab531c96989110c2a7506a4b0b68ae2a4,10.0,2021-06-17 18:44:54,Bitcoin Beanie,10.0,Uncommon,70.0,Head
532,0x18bfff508960710fee296502de84667c7f4e88cf,119391,1,0x1a8d886d3a4a2d2aeb817ebb781f0683351538b1,13.99,2021-06-17 18:44:52,Cool shades,5.0,Common,13.99,Eyes
533,0x18bfff508960710fee296502de84667c7f4e88cf,119045,1,0xed7d2286152b3ac0151b06e4f3dfba37acc5a634,7.99,2021-06-17 18:42:44,Vote Sign,5.0,Common,7.99,Hand
534,0x18bfff508960710fee296502de84667c7f4e88cf,119046,1,0xed7d2286152b3ac0151b06e4f3dfba37acc5a634,8.99,2021-06-17 18:30:41,Snapshot Shirt,10.0,Uncommon,8.99,Body
535,0x29746c9d6b317c6df26ac1751d6cb03a55c1b8d5,117631,1,0x00ff6b7d26407a46af2b631b4fa452a036d027e5,6995.0,2021-06-17 18:16:17,OKex Sign,0.0,Mythical,6995.0,Hand
536,0x73b46a49e5f92480710b07be849500b772b6a995,119519,2,0x29746c9d6b317c6df26ac1751d6cb03a55c1b8d5,1000.0,2021-06-17 17:31:51,Portal Mage Axe,300.0,Legendary,2000.0,Hand
537,0xb2ff18975af49c522a410a75565bd475f4bac00f,118378,1,0x75d5ced39b418d5e25f4a05db87fcc8bceed7e66,200.0,2021-06-17 17:08:53,DAO Egg,100.0,Rare,200.0,Hand
538,0xef4da4e4848ac1da36d1f8f56b39faab7f57c08d,119295,1,0x29746c9d6b317c6df26ac1751d6cb03a55c1b8d5,10.0,2021-06-17 15:46:56,Dragon Horns,10.0,Uncommon,10.0,Head
539,0x7fbd1e4c9449c2443e0ad17537d77645bd23cc21,117869,1,0xba2010e19fa7ca59982a70ff957e1f14c03e2aeb,9.88,2021-06-17 14:58:02,Rasta Hat,10.0,Uncommon,9.88,Head
540,0x1a8d886d3a4a2d2aeb817ebb781f0683351538b1,119466,1,0x1f1163c6c0a85e91fe60f8dd5d1a7007ddbf95c9,10.0,2021-06-17 13:01:14,Elf Ears,5.0,Common,10.0,Face
541,0x8af4277c5e84158494e2ee4cdef463f87abdae4c,119444,1,0x8560f3aa7c2522bfeabca88bb8f5f55efe9611fe,38.8,2021-06-17 11:56:01,Common Rofl,5.0,Common,38.8,Pet
542,0x1a8d886d3a4a2d2aeb817ebb781f0683351538b1,119388,1,0x29746c9d6b317c6df26ac1751d6cb03a55c1b8d5,100.0,2021-06-17 10:27:39,Foxy Tail,10.0,Uncommon,100.0,Body
543,0x4176d5d5813bb33f1761dbef41107ec1728062f6,119328,1,0x29746c9d6b317c6df26ac1751d6cb03a55c1b8d5,500.0,2021-06-17 10:08:41,Link Bubbly,300.0,Legendary,500.0,Hand
544,0x8560f3aa7c2522bfeabca88bb8f5f55efe9611fe,119396,1,0xa7503d5ed9dbdf964555f92d9350fbf37311a2ac,55.0,2021-06-17 09:38:23,Wizard Visor,5.0,Common,55.0,Eyes
545,0x1a8d886d3a4a2d2aeb817ebb781f0683351538b1,119406,1,0x8560f3aa7c2522bfeabca88bb8f5f55efe9611fe,9.95,2021-06-17 09:33:05,ETH Logo Glasses,5.0,Common,9.95,Eyes
546,0x8560f3aa7c2522bfeabca88bb8f5f55efe9611fe,119398,1,0x88a1303994f0c906d8c0ee9c72fe17f627ed9f48,8.0,2021-06-17 09:28:39,ETH Logo Glasses,5.0,Common,8.0,Eyes
547,0x1a8d886d3a4a2d2aeb817ebb781f0683351538b1,119400,1,0x88a1303994f0c906d8c0ee9c72fe17f627ed9f48,9.0,2021-06-17 09:28:31,Elf Ears,5.0,Common,9.0,Face
548,0x1a8d886d3a4a2d2aeb817ebb781f0683351538b1,119316,4,0x29746c9d6b317c6df26ac1751d6cb03a55c1b8d5,10.0,2021-06-17 09:22:11,Gemstone Ring,10.0,Uncommon,40.0,Hand
549,0x5d9056a4cc995fd923354803219f7733bb06cd07,119284,1,0x6ef680abfc9c8e60ebd5813ce724b75af4591cdd,8.0,2021-06-17 08:48:21,MK2 Grenade,5.0,Common,8.0,Hand
550,0x5d9056a4cc995fd923354803219f7733bb06cd07,119286,1,0x6ef680abfc9c8e60ebd5813ce724b75af4591cdd,8.0,2021-06-17 08:47:49,Camo Pants,5.0,Common,8.0,Body
551,0x5d9056a4cc995fd923354803219f7733bb06cd07,119285,1,0x6ef680abfc9c8e60ebd5813ce724b75af4591cdd,8.0,2021-06-17 08:47:19,Camo Hat,5.0,Common,8.0,Head
552,0xadc045001169071580ad97af8cf5efb7f235a719,119323,1,0x29746c9d6b317c6df26ac1751d6cb03a55c1b8d5,100.0,2021-06-17 08:45:25,Lil Pump Goatee,10.0,Uncommon,100.0,Face
553,0x90c88c8331df8a21542b36bba3a0f226e46eb39d,119355,1,0x8560f3aa7c2522bfeabca88bb8f5f55efe9611fe,9.95,2021-06-17 08:39:19,Elf Ears,5.0,Common,9.95,Face
554,0x636db7553dfb9c87dce1a5edf117edcaff1b650a,119287,1,0x6802b4028d41ca367137dc50ebd3f5eeedc8be55,140.0,2021-06-17 08:04:36,Jamaican Flag,100.0,Rare,140.0,Hand
555,0x2f3045ce8f70757e5cbad58215134aedaf2e4ca4,119294,1,0x29746c9d6b317c6df26ac1751d6cb03a55c1b8d5,100.0,2021-06-17 07:19:20,Dragon Wings,100.0,Rare,100.0,Body
556,0x70a8c4e53a9078049ca1b2cee477436c8eb61b2d,119301,1,0x29746c9d6b317c6df26ac1751d6cb03a55c1b8d5,300.0,2021-06-17 07:18:50,Royal Crown,300.0,Legendary,300.0,Head
557,0x8560f3aa7c2522bfeabca88bb8f5f55efe9611fe,119320,1,0x29746c9d6b317c6df26ac1751d6cb03a55c1b8d5,100.0,2021-06-17 07:18:10,Rare Rofl,100.0,Rare,100.0,Pet
558,0x8560f3aa7c2522bfeabca88bb8f5f55efe9611fe,119304,1,0x29746c9d6b317c6df26ac1751d6cb03a55c1b8d5,4.0,2021-06-17 07:16:30,Elf Ears,5.0,Common,4.0,Face
559,0xf31b3a8d219775aa71e942c7748e0174f4506d5f,119296,3,0x29746c9d6b317c6df26ac1751d6cb03a55c1b8d5,10.0,2021-06-17 07:16:12,Uncommon Rofl,10.0,Uncommon,30.0,Pet
560,0xf31b3a8d219775aa71e942c7748e0174f4506d5f,119296,1,0x29746c9d6b317c6df26ac1751d6cb03a55c1b8d5,10.0,2021-06-17 07:15:54,Uncommon Rofl,10.0,Uncommon,10.0,Pet
561,0xf31b3a8d219775aa71e942c7748e0174f4506d5f,119301,1,0x29746c9d6b317c6df26ac1751d6cb03a55c1b8d5,300.0,2021-06-17 07:15:34,Royal Crown,300.0,Legendary,300.0,Head
562,0xf31b3a8d219775aa71e942c7748e0174f4506d5f,119305,1,0x29746c9d6b317c6df26ac1751d6cb03a55c1b8d5,300.0,2021-06-17 07:15:06,Marc Outfit,300.0,Legendary,300.0,Body
563,0xf31b3a8d219775aa71e942c7748e0174f4506d5f,119306,1,0x29746c9d6b317c6df26ac1751d6cb03a55c1b8d5,300.0,2021-06-17 07:14:46,Marc Hair,300.0,Legendary,300.0,Head
564,0xe1a1d5c32888c5b140917b296e82cf3a448f37a6,119296,1,0x29746c9d6b317c6df26ac1751d6cb03a55c1b8d5,10.0,2021-06-17 07:14:32,Uncommon Rofl,10.0,Uncommon,10.0,Pet
565,0x7bb8705a3581f549c039401903251aa010ade9c6,119302,1,0x29746c9d6b317c6df26ac1751d6cb03a55c1b8d5,100.0,2021-06-17 07:08:22,Rare Rofl,100.0,Rare,100.0,Pet
566,0x7bb8705a3581f549c039401903251aa010ade9c6,119302,1,0x29746c9d6b317c6df26ac1751d6cb03a55c1b8d5,100.0,2021-06-17 07:08:00,Rare Rofl,100.0,Rare,100.0,Pet
567,0xc94d24961abdc547ee466b8563f86c3a1afa8bd4,119294,1,0x29746c9d6b317c6df26ac1751d6cb03a55c1b8d5,100.0,2021-06-17 07:04:50,Dragon Wings,100.0,Rare,100.0,Body
568,0x9929020d7a991bf0609c1ba9379029a346fc6191,118719,1,0x1a8d886d3a4a2d2aeb817ebb781f0683351538b1,14.44,2021-06-17 02:17:35,Gemstone Ring,10.0,Uncommon,14.44,Hand
569,0x77f41d8a529fc1f77bf32992c9d98ca666bb053f,115078,1,0x6802b4028d41ca367137dc50ebd3f5eeedc8be55,1690.0,2021-06-16 22:08:31,Lil Pump Shades,300.0,Legendary,1690.0,Eyes
570,0xcc669633068288cd6df3431dfc2b6e41c7d7cd7b,119172,1,0xfeb7da1823d9375e285ebc9d4083250bd3847c36,5.0,2021-06-16 21:44:05,32 ETH Coin,5.0,Common,5.0,Hand
571,0x60ed33735c9c29ec2c26b8ec734e36d5b6fa1eab,117826,1,0xe82c15d07ee5bc5274ccff897c91eb2ab1326d0d,145.0,2021-06-16 20:09:02,Bedtime Milk,100.0,Rare,145.0,Hand
572,0x60ed33735c9c29ec2c26b8ec734e36d5b6fa1eab,114970,1,0x137c0f7d6b2558edf5b8f69eec0635dd43fad6af,400.0,2021-06-16 20:07:18,Gentleman Hat,300.0,Legendary,400.0,Head
573,0x60ed33735c9c29ec2c26b8ec734e36d5b6fa1eab,118834,1,0x2c96108ab531c96989110c2a7506a4b0b68ae2a4,10.0,2021-06-16 20:04:26,Bitcoin Beanie,10.0,Uncommon,10.0,Head
574,0x60ed33735c9c29ec2c26b8ec734e36d5b6fa1eab,118474,1,0x2dc8c2ec64a5dff670bc4ad3ab2ca6cf0b09a13e,115.0,2021-06-16 20:00:28,Royal Scepter,100.0,Rare,115.0,Hand
575,0x60ed33735c9c29ec2c26b8ec734e36d5b6fa1eab,118542,1,0x9fdde4a5bb911bdcfbf95b37470e85d466d810d7,650.0,2021-06-16 19:59:28,Royal Crown,300.0,Legendary,650.0,Head
576,0x60ed33735c9c29ec2c26b8ec734e36d5b6fa1eab,117870,1,0xba2010e19fa7ca59982a70ff957e1f14c03e2aeb,9.88,2021-06-16 19:58:48,Tiny Crown,10.0,Uncommon,9.88,Head
577,0x60ed33735c9c29ec2c26b8ec734e36d5b6fa1eab,118854,1,0xe3601aa8774cd35bd07ddefa8aa1b893bd0b9ed3,24.9,2021-06-16 19:58:26,Imperial Moustache,5.0,Common,24.9,Face
578,0x60ed33735c9c29ec2c26b8ec734e36d5b6fa1eab,118522,1,0xd41213c320d05c0b6882edf1021328939aa18be6,16.0,2021-06-16 19:57:06,Fireball,5.0,Common,16.0,Hand
579,0x60ed33735c9c29ec2c26b8ec734e36d5b6fa1eab,118860,1,0xc05cfb4fa62bb3c9df7ac65fe77d28345afa3485,174.0,2021-06-16 19:56:00,Dragon Wings,100.0,Rare,174.0,Body
580,0x60ed33735c9c29ec2c26b8ec734e36d5b6fa1eab,91744,1,0x6c8e15ec8e35b6ffb246d60abca2ba81d4e247f4,14.0,2021-06-16 19:55:22,Dragon Horns,10.0,Uncommon,14.0,Head
581,0x60ed33735c9c29ec2c26b8ec734e36d5b6fa1eab,119080,1,0xc05cfb4fa62bb3c9df7ac65fe77d28345afa3485,439.0,2021-06-16 19:54:58,Pointy Horns,300.0,Legendary,439.0,Head
582,0x60ed33735c9c29ec2c26b8ec734e36d5b6fa1eab,118738,1,0xee5cda91e4ddcde24d44dafd74bed4ba068f8ac2,88.0,2021-06-16 19:54:10,Aagent Shirt,100.0,Rare,88.0,Body
583,0x60ed33735c9c29ec2c26b8ec734e36d5b6fa1eab,118817,1,0x279322ca10987bb236902dbddb85e9e676cf7a0d,350.0,2021-06-16 19:53:56,Aagent Shades,100.0,Rare,350.0,Eyes
584,0x60ed33735c9c29ec2c26b8ec734e36d5b6fa1eab,113787,1,0x4fa4167b3c94a80416bbc768fb919bf3ace9f8c2,80.0,2021-06-16 19:53:40,Aagent Fedora Hat,100.0,Rare,80.0,Head
585,0x60ed33735c9c29ec2c26b8ec734e36d5b6fa1eab,118846,1,0x9ff84b91998df96a6587db8dde8d4e47518107d6,235.0,2021-06-16 19:53:16,Aagent Pistol,100.0,Rare,235.0,Hand
586,0x60ed33735c9c29ec2c26b8ec734e36d5b6fa1eab,114427,1,0x7b5c5dc9dbd80833a42ae7cf1fa764b7773fdd3e,599.0,2021-06-16 19:33:08,Marc Hair,300.0,Legendary,599.0,Head
587,0xfeb7da1823d9375e285ebc9d4083250bd3847c36,118714,1,0x6299dbe5be8ed5d5df9ff5a21b485c7da0cf3476,14.0,2021-06-16 19:31:42,Elf Ears,5.0,Common,14.0,Face
588,0x60ed33735c9c29ec2c26b8ec734e36d5b6fa1eab,118763,1,0xc415040996590a6eb82ebb2b323b3fae84268e5d,410.0,2021-06-16 18:39:02,Marc Outfit,300.0,Legendary,410.0,Body
589,0x60ed33735c9c29ec2c26b8ec734e36d5b6fa1eab,79625,1,0xaa126ec5d4b0c1ae94dfb0d7176ce785af7d02ce,110.0,2021-06-16 18:34:44,Thaave Suit,100.0,Rare,110.0,Body
590,0x60ed33735c9c29ec2c26b8ec734e36d5b6fa1eab,118613,1,0x373c52a766d5b71d68064addf18c7a25c2afe6b6,60.0,2021-06-16 18:34:12,Captain Aave Shield,10.0,Uncommon,60.0,Hand
591,0x60ed33735c9c29ec2c26b8ec734e36d5b6fa1eab,92523,1,0x243cebb2fccae390639f2b454e4886dcfae7deee,25.0,2021-06-16 18:34:08,Aave Hero Mask,5.0,Common,25.0,Face
592,0x60ed33735c9c29ec2c26b8ec734e36d5b6fa1eab,83171,1,0x10b385eb6c517943da02e58a76c97b5a16e1c31d,9.99,2021-06-16 18:34:08,Aave Plush,5.0,Common,9.99,Hand
593,0x60ed33735c9c29ec2c26b8ec734e36d5b6fa1eab,117865,1,0xba2010e19fa7ca59982a70ff957e1f14c03e2aeb,29.99,2021-06-16 18:34:08,Captain Aave Mask,10.0,Uncommon,29.99,Head
594,0x60ed33735c9c29ec2c26b8ec734e36d5b6fa1eab,115978,1,0x0628ff854c191d4b80d2f07b3f1a39d878cd2e3a,25.0,2021-06-16 18:34:08,Captain Aave Suit,10.0,Uncommon,25.0,Body
595,0x60ed33735c9c29ec2c26b8ec734e36d5b6fa1eab,117845,1,0x77427023e70cafd983dabaf3488d8d83ecb15b96,6.9,2021-06-16 18:33:52,Aave Hero Shirt,5.0,Common,6.9,Body
596,0x60ed33735c9c29ec2c26b8ec734e36d5b6fa1eab,117012,1,0x4176d5d5813bb33f1761dbef41107ec1728062f6,590.0,2021-06-16 18:33:52,Link Mess Dress,300.0,Legendary,590.0,Body
597,0x60ed33735c9c29ec2c26b8ec734e36d5b6fa1eab,118833,1,0x2c96108ab531c96989110c2a7506a4b0b68ae2a4,550.0,2021-06-16 18:30:32,Link Bubbly,300.0,Legendary,550.0,Hand
598,0x60ed33735c9c29ec2c26b8ec734e36d5b6fa1eab,98316,1,0xb0d105b1ea2f85f5f719bd7ec06dc730bba14f10,590.0,2021-06-16 18:29:20,Link White Hat,300.0,Legendary,590.0,Head
599,0x60ed33735c9c29ec2c26b8ec734e36d5b6fa1eab,71715,1,0x0628ff854c191d4b80d2f07b3f1a39d878cd2e3a,150.0,2021-06-16 18:29:02,Walkie Talkie,100.0,Rare,150.0,Hand
600,0x60ed33735c9c29ec2c26b8ec734e36d5b6fa1eab,118838,1,0x2c96108ab531c96989110c2a7506a4b0b68ae2a4,101.0,2021-06-16 18:28:54,Marine Jacket,100.0,Rare,101.0,Body
601,0x60ed33735c9c29ec2c26b8ec734e36d5b6fa1eab,118243,1,0x696cc718d80fdd2ec8e2ce0b29cfcea4c16d9496,99.0,2021-06-16 18:28:54,Marine Cap,100.0,Rare,99.0,Head
602,0x60ed33735c9c29ec2c26b8ec734e36d5b6fa1eab,118915,1,0x3921bc5c561010c785870c68a8f153ab7dd9a124,20.0,2021-06-16 18:26:46,Snow Camo Pants,10.0,Uncommon,20.0,Body
603,0x60ed33735c9c29ec2c26b8ec734e36d5b6fa1eab,115253,1,0x94046b4000fefc937f9ae219e2d92bf44a36393e,12.9,2021-06-16 18:25:46,Snow Camo Hat,10.0,Uncommon,12.9,Head
604,0x60ed33735c9c29ec2c26b8ec734e36d5b6fa1eab,118629,1,0xaa126ec5d4b0c1ae94dfb0d7176ce785af7d02ce,9.0,2021-06-16 18:24:48,Camo Pants,5.0,Common,9.0,Body
605,0x60ed33735c9c29ec2c26b8ec734e36d5b6fa1eab,118628,1,0xaa126ec5d4b0c1ae94dfb0d7176ce785af7d02ce,9.0,2021-06-16 18:24:48,Camo Hat,5.0,Common,9.0,Head
606,0x60ed33735c9c29ec2c26b8ec734e36d5b6fa1eab,118579,1,0x10b385eb6c517943da02e58a76c97b5a16e1c31d,9.99,2021-06-16 18:24:48,MK2 Grenade,5.0,Common,9.99,Hand
607,0xeb0dd47b39193610f93094d0c3429bb13a978835,118579,1,0x10b385eb6c517943da02e58a76c97b5a16e1c31d,9.99,2021-06-16 18:07:59,MK2 Grenade,5.0,Common,9.99,Hand
608,0x373c52a766d5b71d68064addf18c7a25c2afe6b6,119114,1,0x8560f3aa7c2522bfeabca88bb8f5f55efe9611fe,132.0,2021-06-16 16:49:15,Skateboard,100.0,Rare,132.0,Hand
609,0xc5592b6e87cd2195bb65a73aaa9f83b158578fa1,118220,1,0x1779b5aa4fb5e471f1356f7a81e67e716bb69512,20.0,2021-06-16 16:19:55,Apple Juice,10.0,Uncommon,20.0,Hand
610,0xfeb7da1823d9375e285ebc9d4083250bd3847c36,118820,1,0x279322ca10987bb236902dbddb85e9e676cf7a0d,58.0,2021-06-16 16:17:03,Captain Aave Shield,10.0,Uncommon,58.0,Hand
611,0xfeb7da1823d9375e285ebc9d4083250bd3847c36,118469,1,0x2dc8c2ec64a5dff670bc4ad3ab2ca6cf0b09a13e,24.0,2021-06-16 16:15:47,Captain Aave Mask,10.0,Uncommon,24.0,Head
612,0xfeb7da1823d9375e285ebc9d4083250bd3847c36,118361,1,0x75d5ced39b418d5e25f4a05db87fcc8bceed7e66,20.0,2021-06-16 16:13:19,Captain Aave Suit,10.0,Uncommon,20.0,Body
613,0xc5592b6e87cd2195bb65a73aaa9f83b158578fa1,116625,1,0xfbdd5c349d1686d7b15b27f47217c55fe93d2bfc,10.0,2021-06-16 16:01:19,Miner Helmet,10.0,Uncommon,10.0,Head
614,0xc5592b6e87cd2195bb65a73aaa9f83b158578fa1,118392,1,0x77f9e6516d6f677d6e30fd165afcf3a802d33006,19.0,2021-06-16 15:38:35,Apple Juice,10.0,Uncommon,19.0,Hand
615,0x59eb7d68ed3a2441b1d75d679d628046dfdb34ea,119018,1,0x1a8d886d3a4a2d2aeb817ebb781f0683351538b1,14.93,2021-06-16 14:46:23,Cool shades,5.0,Common,14.93,Eyes
616,0x59eb7d68ed3a2441b1d75d679d628046dfdb34ea,107850,1,0x53a9d15e093dcc049a22e13621962be4d5f302f9,14.0,2021-06-16 14:44:35,Dragon Horns,10.0,Uncommon,14.0,Head
617,0x0c404f55595ab844d519a084ff1b8cb36aaad1d1,118512,1,0x4fa4167b3c94a80416bbc768fb919bf3ace9f8c2,700.0,2021-06-16 14:32:15,Aagent Headset,100.0,Rare,700.0,Face
618,0xdb965bbad97d0784afc22a5d82a24c5478faf7f4,117868,1,0xba2010e19fa7ca59982a70ff957e1f14c03e2aeb,6.88,2021-06-16 13:46:53,Aave Hero Shirt,5.0,Common,6.88,Body
619,0xdb965bbad97d0784afc22a5d82a24c5478faf7f4,118928,1,0xe1a1d5c32888c5b140917b296e82cf3a448f37a6,6.99,2021-06-16 13:45:21,L2 Sign,5.0,Common,6.99,Hand
620,0xf077a74feb511968216d39626a6e658ac1d440ef,119044,1,0xc05cfb4fa62bb3c9df7ac65fe77d28345afa3485,85.0,2021-06-16 12:52:35,Eagle Mask,100.0,Rare,85.0,Head
621,0x7cdceb7f8d9fee89b9628f07f0f34a4a28e5e39c,118760,1,0x101addc07d63a6b35b199153252168ab9889dca1,8.0,2021-06-16 12:47:29,Pajama Shirt,10.0,Uncommon,8.0,Body
622,0x77f41d8a529fc1f77bf32992c9d98ca666bb053f,118988,1,0x026ad6ecd5124809d5f3b393f6a94ac195ca55b9,120.0,2021-06-16 12:29:49,Lil Pump Goatee,10.0,Uncommon,120.0,Face
623,0xeb0dd47b39193610f93094d0c3429bb13a978835,118920,1,0x9ff84b91998df96a6587db8dde8d4e47518107d6,25.0,2021-06-16 12:13:25,Aave Hero Mask,5.0,Common,25.0,Face
624,0xfd41bef1fd45d7db65fb8f4cd3804e4c8daff6b9,118836,1,0x2c96108ab531c96989110c2a7506a4b0b68ae2a4,5.0,2021-06-16 12:00:35,ETH Tshirt,5.0,Common,5.0,Body
625,0xeb0dd47b39193610f93094d0c3429bb13a978835,117880,1,0xfbdd5c349d1686d7b15b27f47217c55fe93d2bfc,18.9,2021-06-16 11:02:11,Snow Camo Pants,10.0,Uncommon,18.9,Body
626,0xeb0dd47b39193610f93094d0c3429bb13a978835,118996,1,0xc94d24961abdc547ee466b8563f86c3a1afa8bd4,10.8,2021-06-16 11:00:25,Snow Camo Hat,10.0,Uncommon,10.8,Head
